4225 5834
1985 348 2740 440 *fx-—

629 556 925 624 redduco
949 556 1100 623 vult
1136 557 1224 621 ab
1263 557 1569 623 omnibns
1613 556 1946 624 societatis
1989 557 2254 642 generis
2296 557 2564 622 humani
2608 557 2927 641 vinculis,
2986 581 3150 646 quae
3193 583 3336 634 eum
3380 563 3779 650 impediunt·⁹
3827 565 4087 649 quomi-

626 667 757 724 nu‘s
810 656 1130 724 libidines
1180 679 1335 723 suas
1396 657 1610 743 pessit
1667 657 1970 744 explere,
2028 665 2100 722 et
2155 659 2320 724 banc
2377 659 2750 725 libertatem
2802 660 3075 745 adeptus
3131 683 3273 734 esse
3321 662 3457 728 sibi
3499 664 3765 732 videtur
3804 666 3966 730 urbe
4009 667 4084 730 in

624 758 778 845 ipso
833 778 989 824 aere
1030 758 1335 841 condita,
1390 758 1488 824 ita
1526 757 1902 826 Alcibiadis
1954 762 2228 843 ejusque
2283 751 2731 826 consimilium
2786 759 2917 827 fuit
2970 760 3320 832 consilium
3337 811 3357 844 ,
3413 784 3688 849 reguum
3742 764 3874 830 sibi
3926 786 4083 828 con-

620 859 823 940 dere,
872 860 946 923 in
1008 879 1135 944 quo
1192 859 1280 924 ad
1318 869 1517 925 ‘suum
1573 858 1927 924 arbitrium
1987 857 2221 924 vivere
2282 869 2582 945 possent,
2642 877 2768 928 nec
2821 861 3188 944 penderent
3241 881 3282 925 a
3320 862 3580 947 legibus
3631 870 3704 928 et
3756 864 4088 934 institutis

624 957 1033 1044 reipublicae
1071 957 1595 1023 Atheniensium.
1668 958 1759 1022 .Id
1802 958 2183 1043 sperabant,
2233 979 2386 1024 sese
2425 979 2575 1024 esse
2616 965 3081 1028 consecuturos
3140 961 3566 1045 expeditione
3608 962 3853 1032 Sicula.
3938 965 4083 1038 Vo-

620 1056 849 1123 lebant
898 1057 1077 1124 enim
1132 1058 1205 1122 in
1266 1059 1416 1143 ipsa
1466 1057 1709 1124 Sicilia
1765 1051 2174 1122 domicilium
2231 1078 2309 1123 ac
2362 1058 2583 1124 sedem
2639 1059 2798 1124 novi
2856 1058 3121 1144 imperii
3181 1060 3510 1133 collocare
3526 1110 3549 1143 ,
3607 1069 3803 1149 atque
3859 1065 4082 1145 Italia,

618 1158 1029 1244 Carthagine
1064 1164 1189 1225 etc.
1224 1160 1309 1223 ‹in
1349 1157 1672 1223 ditionem
1712 1178 1896 1224 suam
1953 1163 2507 1244 poetestatemque
2575 1158 2857 1228 redactis
2883 1160 3325 1228 ,somniabant
3375 1160 3554 1243 fore,
3616 1172 3696 1232 ut:
3740 1164 3848 1230 vel
3902 1163 4085 1252 ipsae

618 1260 922 1328 Athenae
977 1282 1064 1326 ex
1106 1259 1423 1326 ‘ai-bitrio·
1462 1281 1582 1326 suo
1641 1258 2042 1345 penderent,
2099 1258 2362 1344 ipsique
2414 1257 2814 1342 respublicas
2857 1266 3122 1343 possent
3164 1260 3516 1328 instituere
3559 1282 3826 1345 prorsus
3867 1286 3957 1334 ex
3999 1266 4085 1328 li-

620 1359 852 1426 bidine
904 1361 1059 1428 sua‘
1065 1360 1419 1437 ‘··=(Kerst
1474 1367 1540 1446 Ρ
1580 1364 1659 1427 61
1705 1381 1844 1444 sqq
1887 1381 1950 1443 Ρ.
1995 1362 2075 1423 64
2109 1359 2258 1443 sq..)
2295 1397 2374 1410 --
2437 1357 2615 1421 Satis
2656 1356 2889 1438 habeo,
2932 1355 3106 1421 hane
3141 1358 3404 1424 Kerstii
3445 1366 3887 1444 conjecturam
3927 1385 4082 1447 pro-

614 1463 892 1543 tulisse,
937 1466 1206 1546 ejusque
1248 1460 1650 1526 refutatione
1688 1458 1857 1527 mihi
1896 1458 2138 1522 videor
2179 1477 2371 1542 posse
2414 1458 2863 1541 supersedere.
2905 1497 2987 1510 -

634 1597 643 1606 ·
782 1560 1239 1626 Novissimus
1232 1560 1360 1646 qui
1405 1560 1674 1675 scripsit
1712 1561 1799 1625 de
1843 1560 2072 1623 avibus
2116 1558 2535 1622 Hermannus
2573 1556 2922 1641 K6ch1y1)
2953 1577 3084 1621 non
3118 1577 3352 1624 novam
3395 1523 3682 1644 quidem,
3727 1562 3923 1630 immo
3964 1582 4081 1628 an·-

616 1661 1080 1747 tiquissimam,
1120 1660 1385 1725 scilicet
1424 1659 1637 1745 ipsius
1679 1656 2145 1744 Aristophanis
2189 1656 2580 1724 sententiam
2637 1657 3150 1743 deprehendisse
3193 1657 3323 1724 sibi
3366 1663 3585 1742 visus,
3639 1681 3827 1746 quam
3873 1662 4081 1732 altera

616 1759 980 1846 hypothesi
1018 1782 1059 1825 a
1096 1782 1173 1827 se
1214 1760 1522 1824 restituta
1572 1767 1773 1846 atque
1823 1759 2170 1825 emendata
2209 1758 2596 1826 confirmari.
2630 1766 2884 1840 censet,
2943 1759 3039 1824 ita
3079 1758 3218 1828 fere
3259 1759 3566 1830 disserit:
3624 1765 3755 1830 Aut
3796 1765 3963 1830 mira
4003 1785 4080 1829 ac

614 1862 944 1949 singulari
1002 1862 1393 1927 diversitate
1447 1883 1599 1928 aves
1652 1862 2040 1945 discrepant
2080 1879 2224 1924 cum
2268 1859 2507 1924 ceter-is
2552 1865 2786 1944 poetae
2824 1858 3108 1939 fabulis,
3166 1864 3235 1923 et
3274 1871 3426 1924 ante
3470 1882 3627 1928 aves
3670 1870 3738 1932 et
3771 1871 3928 1948 -post
3951 1881 4079 1934 eat

616 1962 1051 2048 conscriptis,
1111 1982 1282 2047 quae
1320 1961 1587 2047 quidem
1630 1968 1784 2027 sunt
1825 1961 2071 2028 veteris
2114 1962 2527 2041 comoediae,
2586 1981 2856 2046 quarum
2899 1960 3188 2028 omnium
3230 1961 3640 2028 admirabilis
3681 1973 3754 2034 et
3790 1967 4078 2049 insignis

618 2070 725 2128 est
762 2062 1110 2128 cumensio
1148 2066 1227 2127 et=
1257 2061 1529 2127 consilii
1567 2069 1638 2126 et
1678 2061 1953 2127 ordinis
1980 2082 2497 2147 progressusque
2538 2067 2606 2126 et
2643 2060 2832 2137 finis,
2875 2067 2997 2125 aut
3027 2081 3170 2126 cum
3211 2061 3628 2130 Pisthetaero
3669 2071 3800 2132 stat
3839 2063 4077 2150 iisque,

614 2164 735 2248 qui
776 2181 920 2225 cnm
965 2183 1059 2226 eo»
1086 2179 1323 2226 novum
1368 2161 1679 2249 oppidum
1721 2162 2042 2244 condunt,
2087 2171 2155 2227 et
2196 2183 2361 2245 quae
2402 2170 2635 2245 agunt,
2679 2180 2718 2226 a
2758 2168 2951 2244 poeta
2993 2163 3474 2247 approbantur,
3516 2165 4073 2245 conmendantur,

614 2262 1097 2328 collaudantur.
1194 2262 1426 2348 Itaque
1468 2262 1541 2324 id
1582 2262 1865 2342 primum
1908 2261 2083 2345 agit,
2143 2270 2214 2326 ut
2257 2260 2742 2326 Pisthetaerum
2789 2269 3045 2326 tueatur
3083 2263 3167 2324 ab
3209 2262 3784 2332 criminationibus
3826 2281 4074 2346 eorum,

612 2362 734 2449 qui
768 2382 930 2427 -eum
980 2362 1367 2426 immensam
1430 2360 1716 2445 aliquam
1779 2364 2158 2446 voraginem
2215 2381 2306 2428 'ac
2362 2362 2687 2449 gurgitem
2746 2362 3064 2428 vitiorum
3123 2364 3740 2449 turpitudinumque·
3785 2363 4074 2430 omnium

608 2481 767 2529 ¹esse
809 2462 1077 2538 volumt3
1118 2481 1323 2546 aeque
1362 2482 1438 2525 ac
1479 2462 1933 2547 DicaeopoliS,
1977 2462 2355 2548 TrygaeuS,
2401 2463 2606 2527 Plebs
2648 2471 2938 2544 recocta,
2986 2462 3412 2544 Philocleon,
3458 2463 3930 2530 adscribendus
3974 2473 4075 2531 est

608 2566 694 2628 in
734 2583 959 2628 cerum
1002 2579 1363 2642 numerum,
1404 2561 1523 2645 qui
1566 2564 1921 2649 pristinum
1969 2584 2184 2627 rerum
2229 2570 2484 2643 statum,
2529 2562 2746 2647 qualis
2789 2562 2915 2630 fuit
2955 2562 3409 2646 superioribus
3451 2565 3889 2650 temporibuS,
3935 2565 4074 2629 lau-

614 2664 815 2729 dibus
857 2679 1045 2746 quam
1091 2661 1401 2727 maximis
1436 2662 1773 2730 extollunt
1810 2671 1877 2728 et
1918 2664 2229 2734 reducere
2274 2668 2532 2749 optant,
2589 2661 2660 2727 in
2700 2664 2941 2747 quibus
2998 2664 3216 2744 gentis
3263 2664 3515 2728 Atticae
3557 2685 3770 2730 mores
3813 2664 4078 2732 effinxit

618 2771 861 2849 poeta-⁴
932 2761 1142 2844 Cujus
1193 2761 1476 2848 imperio
1534 2785 1727 2848 quum
1788 2784 1975 2838 aves,
2033 2772 2104 2828 ut
2159 2785 2346 2849 quem
2403 2763 2662 2846 integro
2704 2760 2924 2826 animo
2965 2781 3043 2825 ac
3083 2762 3321 2839 libero,
3364 2762 3548 2830 nulla
3590 2763 3888 2829 adhibita
3930 2770 4072 2848 ejus

612 2862 1026 2943 auctoritate,
1066 2862 1318 2927 ducem·
1338 2864 1473 2928 sibi
1517 2883 1595 2928 ac
1633 2864 1968 2929 dominum
2013 2864 2417 2948 delegerint,
2482 2863 2788 2926 lubenter
2842 2862 3190 2942 obediant,
3247 2882 3326 2926 ea
3374 2865 3526 2947 ipsa
3577 2883 3650 2932 re
3707 2863 4069 2944 declarant,

617 2963 882 3049 placere
921 2960 1055 3027 sibi
1097 2981 1237 3030 eam
1281 2963 1690 3048 reipublicae
1728 2964 2213 3045 conditionem,
2267 2963 2479 3048 qualis
2524 2961 2793 3027 Pericle
2844 2962 3005 3026 vivo
3058 2962 3297 3040 fuerit,
3353 2968 3536 3044 cujus
3578 2971 3740 3028 nutu
3781 2983 3856 3030 ac
3898 2964 4072 3029 arbi-

614 3062 751 3127 trio
791 3083 987 3147 quum
1030 3063 1251 3125 munia
1291 3071 1718 3147 regerentur,
1776 3066 1983 3130 verbo
2020 3066 2282 3149 quidem
2318 3062 2609 3127 omnium
2656 3082 2872 3126 rerum
2915 3069 3203 3147 potestas
3245 3083 3444 3146 penes
3486 3063 3778 3147 plebem,
3838 3085 4071 3132 revera

614 3169 831 3227 autem
874 3161 1222 3247 imper-ium
1266 3161 1607 3246 singulare
1646 3172 1811 3230 erat.
1909 3164 1989 3228 In
2036 3165 2261 3248 priore
2304 3164 2564 3249 quidem
2609 3160 2912 3245 parabasi
2952 3164 3291 3247 propriam
3336 3182 3515 3227 suam
3559 3182 3636 3226 ac
3674 3164 4070 3247 peculiarem

614 3268 915 3328 naturam
956 3267 1150 3347 atque
1192 3261 1486 3326 indolem
1528 3281 1661 3327 uon
1700 3263 1899 3348 plane
1942 3271 2225 3346 exuunt,
2281 3284 2492 3349 neque
2547 3263 2781 3347 dignas
2825 3281 2970 3328 sese
3012 3268 3346 3346 praestant
3395 3262 3749 3332 altioribus
3801 3262 3953 3332 istis
3996 3283 4071 3327 ac

614 3360 1291 3448 magnificentioribus
1347 3363 1576 3444 rebus,
1636 3364 1718 3429 ad
1762 3383 1921 3448 quas
1960 3384 2073 3429 eas
2115 3363 2371 3448 gmitas
2409 3368 2479 3426 et
2519 3362 2957 3428 conformatas
3012 3383 3157 3427 esse
3200 3361 3660 3430 Pisthe'taerus
3717 3361 4070 3447 splendida

612 3462 837 3526 habita
874 3459 1181 3527 oratione
1220 3461 1565 3546 expostum
1619 3462 1842 3548 itaque
1883 3463 2143 3528 sordem
2188 3462 2369 3528 urbis
2408 3481 2487 3527 ac
2525 3463 2773 3527 faecem
2813 3460 3132 3541 invitant,
3189 3471 3260 3526 ut
3301 3461 3514 3526 avium
3558 3462 3737 3528 vitae
3779 3463 3951 3528 socii
3995 3483 4070 3528 ac
4105 3497 4109 3506 ·

615 3562 974 3649 participes
998 3561 1209 3634 ·fian‚t.
1301 3562 1390 3627 At
1443 3582 1635 3648 quum
1692 3583 1805 3631 eos
1862 3564 2156 3649 expellat
2197 3562 2684 3644 Pistbetaerus‚
2742 3570 2931 3646 poeta
2990 3562 3149 3630 satis
3207 3562 3528 3637 declarat,
3584 3563 3657 3628 in
3689 3560 3920 3625 ‘avium
3963 3583 4068 3626 re-

604 3662 881 3749 publica
920 3661 1172 3725 nullam
1216 3679 1484 3744 prorsus
1528 3662 1924 3728 esse'locum
1969 3685 2183 3750 neque
2223 3664 2349 3743 iis,
2409 3665 2532 3746 qui
2585 3683 2766 3728 more
2819 3667 3141 3746 majorum
3195 3661 3264 3724 in
3307 3679 3512 3728 nova-s
3555 3661 3850 3730 colonias
3894 3660 4065 3726 mitti

612 3761 803 3827 soliti
842 3760 1016 3842 sint,
1069 3779 1279 3847 neque
1322 3759 1703 3827 hominibus
1746 3761 1932 3845 istis,
1988 3784 2154 3848 quos
2195 3762 2523 3830 recentior
2583 3768 2758 3830 aetas
2814 3762 3060 3828 tulerat
3113 3761 3397 3825 omnium
3453 3760 3952 3828 sordidissimus
3991 3781 4068 3824 ac

608 3860 1051 3947 turpissimos.
1078 3863 1135 3942 ἃ)
1212 3860 1417 3937 Quod
1447 3881 1608 3927 vero
1652 3867 1822 3928 tacet
1861 3863 2120 3940 eboruS,
2159 3883 2565 3950 quamquam,
2608 3881 2778 3948 quos
2820 3863 2962 3949 ipse
3009 3868 3197 3928 antea
3241 3860 3576 3941 invitavit,
3615 3861 4064 3947 expelluntur,

604 3962 771 4027 inde
808 3962 1191 4027 necessario
1233 3964 1641 4048 cogimur.ut
1682 3961 2176 4046 concludamus,
2234 3966 2447 4029 avium
2507 3962 2853 4047 pristinam
2910 3970 3204 4026 naturam
3261 3982 3534 4045 prorsus
3589 3982 3733 4028 esse
3773 3959 4065 4026 immuta-

609 4069 779 4145 tam,
822 4062 999 4147 quod
1039 4062 1683 4147 idemscousequitur
1720 4083 1809 4128 ex
1852 4063 2060 4128 altera
2101 4063 2438 4148 pai-abasi,
2482 4085 2646 4148 quae
2689 4070 2826 4130 tnta
2869 4062 3199 4144 discrepat
3237 4081 3278 4126 a
3316 4062 3559 4146 priore.
3664 4060 3813 4124 Jam
3858 4059 4065 4145 igitur

608 4162 1044 4248 dignae⁵sunt
1085 4161 1417 4246 republica
1462 4164 1764 4227 omnibus
1804 4163 1944 4229 suis
1986 4166 2279 4230 numeris
2324 4164 2618 4229 absoluta
2660 4171 2726 4230 et
2768 4165 3063 4248 expleta,
3115 4162 3372 4246 qualem
3419 4159 3761 4226 constituit
3803 4159 4064 4228 Pisthe-

608 4271 864 4343 taeruS,
912 4261 992 4324 in
1034 4282 1164 4345 qua
1205 4283 1290 4327 ex
1332 4264 1510 4326 omni
1552 4272 1739 4347 parte
1783 4264 2050 4330 diversa
2091 4267 2173 4329 ab
2215 4265 2384 4350 ipsis
2422 4264 2701 4330 Athenis
2735 4284 2933 4349 pace,
2990 4261 3505 4347 tranquillitate,
3565 4260 3738 4343 otiu,
3793 4263 4063 4326 summis

611 4363 882 4427 omnine
916 4362 1121 4428 bonis
1158 4360 1484 4426 fruuntur.
1590 4363 1678 4425 Et
1720 4383 1915 4449 quum
1960 4364 2290 4429 Basileam
2335 4363 2405 4430 in
2445 4364 2932 4430 matrimonium
2980 4362 3173 4426 ducat
3223 4361 3715 4439 Pisthetaerus,
3767 4362 4059 4428 omnium

608 4481 859 4527 summa
901 4479 1116 4526 reum
1161 4462 1255 4523 ad
1274 4483 1434 4525 eum
1479 4462 1807 4542 defertur,
1864 4471 2188 4551 sceptrum
2248 4485 2439 4543 vero,
2499 4471 2838 4530 externum
2883 4460 3147 4545 imperii
3205 4462 3502 4545 signnm,
3561 4459 3645 4524 ad
3701 4479 3858 4525 aves
3911 4482 4062 4547 per-

606 4564 813 4625 venssit.
909 4560 1389 4647 Repraesentat
1438 4561 1646 4647 igitur
1698 4563 1913 4627 avium
1972 4564 2343 4649 respublica
2396 4583 2604 4627 novas
2658 4564 2845 4648 quasi
2890 4562 3177 4627 Athenas
3233 4561 3534 4625 omnibus
3588 4558 3726 4625 suis
3768 4559 4059 4630 numeris

606 4671 803 4748 etque
838 4660 1137 4748 partibus
1178 4661 1504 4796 pertentas
1546 4665 1618 4727 in
1662 4684 1937 4749 eumque
1976 4686 2195 4730 rerum
2240 4664 2538 4730 ordinem
2587 4663 2917 4742 redactas,
2972 4661 3083 4747 qui
3131 4660 3262 4728 fnit
3299 4666 3513 4732 aetate
3556 4659 3883 4738 Periclea.
3928 4694 4007 4708 --

600 4881 609 4888 ⁹
683 4939 688 4944 ‚
708 4882 793 4947 1)
839 4878 1014 4948 stethu)
1048 4881 1183 4936 illm·
1200 4883 1277 4935 bit
1310 4882 1468 4951 {1339st
1505 4884 1584 4936 δοῦ
1619 4879 1709 4937 {st-
1779 4882 1949 4951 ὃᾶΐὶἀ)
1988 4881 2143 4937 1857.

743 4977 790 5042 ²)
834 4975 1025 5028 Kiichl.
1058 4993 1110 5044 p.
1151 4975 1214 5031 15
1248 4972 1419 5033 u-iss.
1488 5001 1495 5012 ·
