4225 5834
1894 347 2648 434 *ει-..-

533 566 784 644 partes,
838 558 1235 637 arbitratus,
1291 556 1573 642 primum
1629 555 1890 641 quidem
1948 557 2023 620 in
2067 555 2495 632 Pisthetaeso
2551 559 2815 642 quaerit
2870 567 2950 626 et·
2989 561 3324 645 reperisse
3361 562 3500 628 sibi
3543 557 3947 633 videturne*

530 658 753 739 nulla,
812 677 983 743 quae
1036 657 1306 724 dubium
1359 676 1493 722 non
1551 655 1640 720 sit
1693 656 1859 741 quin
1916 656 2294 740 pertineant
2350 657 2432 719 ad
2477 657 2909 724 Alcibiadem.
3010 658 3176 726 Nam
3221 662 3322 730 mi
3369 660 3829 730 Pistbetaerus
3871 673 3917 728 a·

532 759 692 837 bus,
732 757 849 822 ‘ita
882 756 1289 822 Atcibiades.
1315 756 1836 824 Atheniensibus
1878 776 2015 820 rem
2060 756 2338 820 maximi
2377 757 2692 822 momenti
2739 780 2820 838 ac,
2854 759 3204 844 ponderis,
3230 761 3605 847 proposuit,
3657 762 3956 849 habitaq

529 859 835 926 oratione
876 857 1378 922 commendavit.
1464 857 1546 922 ln
1589 857 1866 922 eundem
1910 855 2324 922 Alcibiadem
2349 857 2603 928 :cadere
2641 858 3070 943 sophisticam
3116 859 3530 930 Pisthetaeri
3570 872 3905 940 naturam,
3955 860 3956 866 '

530 957 943 1044 praesertim.
966 962 1111 1040 ejus
1146 958 1543 1024 dominandi
1588 963 1657 1022 et
1716 955 2090 1041 imperandi
2148 957 2582 1040 cupiditatem
2641 961 2742 1043 (p.
2776 961 2906 1037 24).
3001 959 3136 1030 Sed
3179 977 3376 1046 quum
3416 963 3894 1032 Pisthetnerus
3915 987 3948 1030 s

531 1077 670 1126 nex
720 1056 1091 1143 appelletur
1143 1059 1268 1128 (vs.
1310 1060 1473 1135 2563
1513 1060 1675 1136 3203
1724 1061 1945 1136 14⁰1),
2005 1056 2393 1122 Alcibiades
2447 1075 2610 1120 vero
2666 1065 2803 1124 tum
2862 1059 3186 1146 temporis
3234 1060 3332 1128 in.
3343 1061 3532 1128 flore
3577 1063 3819 1132 aetafis
3873 1066 3943 1129 fu

534 1156 657 1234 rit,
733 1177 858 1223 nec
910 1156 1305 1237 sophistica
1332 1155 1542 1232 ratio,
1611 1175 1802 1241 quam
1862 1155 2273 1222 Pisthetaeri
2330 1157 2711 1271 primariam
2765 1160 2960 1244 quasi
3017 1180 3168 1226 esse
3221 1167 3519 1228 naturam
3578 1163 3783 1245 dicit,
3852 1185 3923 1231 sa

531 1265 851 1341 congruat
914 1277 1057 1321 cum
1116 1257 1506 1337 Alcibiade,
1572 1257 1655 1322 in
1716 1273 1850 1342 qao
1918 1255 2073 1320 illa
2105 1256 2310 1322 fuerit
2375 1258 2659 1321 minoris
2722 1258 3034 1332 momenti
3091 1259 3330 1338 (Suev.
3395 1261 3559 1326 ibid.
3564 1266 3624 1343 ),
3687 1270 3927 1348 Jamn
3945 1294 3956 1321 ι

533 1358 748 1425 solnm
788 1356 1202 1430 Alcibiadem
1247 1362 1433 1441 putat
1473 1357 1682 1422 latere
1724 1357 1847 1421 sub
1888 1373 2194 1450 persona*
2216 1355 2660 1438 Pisthetaeri,
2720 1359 2837 1423 sed
2881 1359 3082 1424 alium
3128 1370 3504 1446 praeterea,
3558 1365 3632 1427 iu
3676 1383 3866 1450 quem
3907 1388 3943 1432 ε

530 1457 821 1543 phistica
861 1457 985 1522 illa
1024 1462 1259 1520 natura
1300 1456 1511 1540 magis
1553 1457 1929 1538 conveniat.
2028 1457 2307 1521 Poterat
2346 1457 2458 1535 vir
2497 1458 2732 1526 doctus
2790 1459 2979 1545 plura
3026 1461 3226 1525 etiam
3271 1464 3551 1545 afferre,
3605 1485 3776 1548 quae
3819 1466 3977 1543 lon

534 1558 893 1626 abhorrent
932 1557 1013 1622 ab
1056 1555 1427 1624 Alcibiade.
1529 1556 1667 1620 Ubi
1709 1556 1830 1622 ille
1870 1554 2076 1620 animi
2122 1556 2348 1640 vigor,
2380 1556 2514 1628 illi
2569 1559 2891 1642 spiritus,
2946 1558 3078 1623 illa·
3111 1562 3529 1644 arrogantia,
3586 1565 3704 1628 ubi
3744 1565 3869 1628 illa
3909 1568 3978 1630 i'

532 1657 843 1736 selentia,
885 1656 1006 1722 illa
1047 1655 1436 1741 petulantia,
1480 1656 1605 1719 illa
1644 1657 1941 1738 audacia,
1984 1673 2154 1740 quae
2197 1659 2418 1724 omnia
2458 1659 2534 1724 in
2577 1679 2655 1722 eo
2692 1658 2901 1726 fuisse
2941 1661 3730 1744 compertumvhabemusfl
3785 1665 3984 1740 Quid

532 1757 961 1826 Alcibiadine
998 1763 1195 1842 putas
1233 1756 1572 1840 ignaviam
1617 1758 2015 1842 opprobrari
2059 1756 2391 1841 potuisse?
2441 1757 2914 1824 'Pisthetaerus
2955 1780 3176 1828 merus
3219 1762 3423 1842 civis,
3468 1763 3848 1829 Alcibiades
3909 1792 3919 1818 e
3954 1792 3963 1820 ι

536 1858 660 1921 bili
706 1859 854 1921 loco
896 1867 1120 1938 natus,
1174 1857 1299 1921 ille
1355 1853 1604 1941 pauper
1661 1864 1729 1919 et
1769 1857 1950 1920 vitae
2007 1857 2311 1942 placidae
2365 1878 2438 1922 ac
2490 1858 2710 1924 suavis
2764 1860 3290 1945 amantissimus,
3352 1861 3484 1926 hie·
3520 1863 3892 1930 ditissimus
3965 1865 3990 1919 ·-'

535 1960 648 2044 qui
690 1957 864 2022 vivit
918 1956 991 2020 iu
1048 1957 1499 2044 voluptatibus
1555 1977 1900 2043 rerumque
1957 1957 2259 2022 civilium
2318 1958 2550 2024 turbis.
2611 1960 2836 2035 Quid
2879 1961 3141 2026 tandem
3188 1963 3374 2025 inani
3417 1970 3493 2027 et
3525 1984 3698 2028 vano
3741 1963 3994 2030 Pisthe

535 2070 722 2124 tuero
764 2051 1103 2130 commuue
1144 2077 1289 2122 cum
1336 2055 1719 2138 Alcibiade,
1777 2059 1853 2123 in
1907 2077 2038 2143 quo
2080 2064 2313 2126 natura
2353 2058 2516 2142 quid
2560 2058 2827 2124 efficere
2870 2060 3081 2145 possit
3113 2061 3389 2126 ‘videtur
3430 2069 3740 2147 experta!
3806 2065 3905 2128 Im
3949 2091 3997 2118 m

537 2158 621 2224 ad
662 2157 962 2244 quemvis
1005 2156 1207 2224 alium
1249 2155 1469 2242 potius
1513 2160 1853 2242 pertinere
1889 2157 2163 2226 videtur
2203 2179 2390 2243 quam
2432 2158 2517 2222 ad
2558 2158 2994 2226 Alcibiadem.
3263 2195 3270 2200 -

697 2260 845 2326 Vix
884 2279 1128 2345 operae
1169 2260 1457 2344 pretium
1499 2259 1651 2342 erit,
1696 2280 1775 2324 ea
1815 2280 1982 2345 quae
2026 2249 2371 2326 verbosius
2409 2259 2784 2345 disputavit
2826 2259 3229 2328 Suevemius
3273 2263 3362 2326 de
3394 2263 3652 2348 Gorgia
3678 2262 4001 2328 Leontin

537 2360 659 2425 sub
683 2359 1092 2430 Pisi-hetaeri
1133 2378 1439 2443 persona,
1460 2360 1832 2442 recondito,
1876 2360 2269 2447 diligentius
2294 2363 2700 2428 examinare.
2764 2362 2858 2427 Ut
2879 2363 3190 2425 breviter
3221 2363 3796 2448 comprehendam,
3838 2383 3997 2445 quo

538 2460 783 2526 sentio:
848 2460 1020 2544 apud
1075 2464 1308 2543 poetas
1359 2461 1680 2541 cenn‘cos,
1728 2468 2048 2546 quantum
2108 2461 2371 2547 quidem
2417 2460 2578 2528 lieet
2623 2460 2931 2544 „iudicare
2971 2477 3060 2526 ex
3102 2462 3193 2528 iis
3235 2460 3702 2548 Aristophanis
3744 2460 3979 2526 sabuli

539 2579 709 2644 quae
748 2565 1139 2644 supersunt,
1196 2580 1391 2644 quum
1436 2581 1517 2625 ea
1553 2561 1815 2626 valeret
1858 2562 2004 2646 lex,
2068 2569 2140 2628 ut
2180 2561 2526 2647 primarias
2569 2572 2794 2647 partes
2833 2583 2967 2628 non
3013 2564 3454 2644 sustinerent,
3513 2563 3647 2628 uisi
3689 2563 3805 2648 qui
3846 2562 4013 2647 ipsi

538 2660 821 2732 Athenis
890 2677 979 2732 ex
1044 2659 1352 2745 ingenuis
1420 2659 1681 2728 civibus
1736 2661 1879 2726 nati
1934 2663 2277 2737 viverent,
2329 2663 2519 2747 quod
2573 2663 2874 2730 dilucide
2937 2668 3209 2748 apparet
3271 2662 3842 2745 ex-iis.fabulis,
3898 2664 4008 2726 ub'

541 2759 885 2855 ὀνομαστὶ·
913 2762 1358 2853 κωμωδεῖται,
1423 2761 1899 2846 nulio-pacto,
1925 2761 2187 2830 etiamsi
2229 2779 2358 2828 non
2399 2762 2662 2828 riberie
2698 2762 3161 2828 Risthetaerus
3203 2763 3380 2828 civis
3421 2762 3850 2829 Atheniensis
3892 2784 4011 2825 no·

539 2862 922 2944 minaretur,
969 2862 1055 2926 de
1098 2861 1355 2945 Gorgio
1397 2862 1816 2945 cogitandum
1860 2884 2009 2929 esse
2049 2862 2516 2930 contenderim.
2589 2862 2867 2939 Quodsi
2910 2860 3320 2928 Suevernius
3349 2861 3837 2927 Pisthetaerum
3882 2883 4014 2926 non

540 2981 686 3032 oum
712 2961 1077 3043 essegdicit,
1121 2960 1239 3047 qui
1279 2979 1423 3026 cum
1456 2974 1650 3030 —certo
1693 2964 1927 3048 aliquo·
1962 2963 2231 3028 homine
2274 2962 2468 3047 plane
2509 2968 2846 3046 congruat,
2889 2964 3009 3029 sed
3037 2963 3276 3046 *potius
3318 2962 3752 3048 complurium
3797 2982 4013 3030 mores

540 3083 618 3128 ac
655 3062 1090 3147 proprietates
1131 3061 1205 3125 in
1244 3082 1326 3127 eo
1358 3083 1518 3128 -esse
1559 3064 2046 3146 conglutinata,
2102 3066 2251 3149 ipse
2304 3068 2740 3146 conjecturare
2797 3086 2980 3129 suam
3035 3063 3376 3129 delevisse
3426 3063 3820 3147 irritamque
3863 3064 4014 3128 red-

541 3162 797 3230 didisse
839 3168 1035 3245 atque
1056 3162 1160 3227 tad
1204 3167 1494 3230 nostram
1537 3162 1810 3232 videtur
1849 3163 2179 3230 inclinare
2221 3162 2606 3230 sententiam
2627 3212 2646 3245 ,
2690 3164 3199 3249 Aristophanem
3245 3162 3438 3228 nobis
3481 3163 3848 3249 depingere
3890 3184 4008 3226 vo—

541 3263 747 3332 luisse
789 3261 1140 3342 homiaem,
1186 3262 1414 3347 quales
1456 3264 1529 3328 id
1572 3263 1809 3332 aetatis
1848 3263 2166 3348 permulti
2195 3263 2472 3329 Athenis
2500 3270 2712 3345 erant,
2755 3264 2868 3350 qui
2911 3263 3279 3351 magnificis
3325 3272 3392 3328 et
3430 3263 3750 3349 gloriosis
3793 3268 4012 3327 osten-

540 3366 907 3434 tationibus
950 3364 1342 3448 blandisque
1384 3365 1608 3431 verbis
1651 3366 1909 3450 plebem
1947 3366 2377 3447 inducebant,
2423 3366 2769 3450 regebant,
2811 3365 2894 3428 ad
2941 3364 3175 3429 insana
3217 3364 3436 3429 omnia
3476 3364 3968 3448 permovebant.

704 3461 959 3531 Eadem
1005 3472 1107 3531 est
1145 3464 1319 3530 ratio
1361 3465 1515 3532 Poli
1546 3465 2012 3549 Agrigentini,
2056 3487 2246 3551 quem
2289 3467 2407 3530 sub
2451 3463 2804 3550 Euelpidis
2847 3485 3127 3549 persona
3171 3466 3381 3529 latere
3422 3465 3533 3528 vir
3575 3465 3805 3528 doctus
3843 3462 4009 3527 vult.

706 3564 1031 3632 Subtilius
1073 3583 1265 3650 quam
1309 3565 2330 3632 verius·demonstraresmduit
2380 3564 2820 3643 SueverniuS,
2880 3585 3001 3650 per
3042 3582 3324 3650 upupam
3366 3563 3733 3649 significari
3776 3564 4011 3627 Lama-

544 3667 732 3732 chum
790 3665 1029 3745 (Suev.
1076 3687 1138 3749 p.
1178 3669 1262 3731 36
1301 3665 1450 3750 οφ),
1549 3664 1878 3750 Adspecto
1935 3665 2109 3730 enim
2165 3664 2387 3730 Tereo
2437 3684 2646 3749 quum
2700 3665 3070 3750 Euelpides
3126 3663 3454 3728 exclamet
3508 3685 3605 3729 vs.
3650 3668 3768 3731 94:
3824 3668 3922 3743 τίς
3971 3663 4008 3754 ἦ

543 3770 890 3862 arreptivum
928 3769 1037 3846 “rig
1089 3767 1121 3834 ὁ
1171 3765 1413 3857 τρόπος
1459 3772 1575 3858 τῆς
1621 3767 2010 3860 τριλοφίας;
2063 3764 2586 3850 Aristophanem,
2632 3765 2863 3830 ducum
2908 3764 3143 3829 cristas
3186 3763 3565 3849 magnificas
3594 3771 3660 3830 et
3683 3764 4011 3849 gloriosas
4049 3806 4051 3810 ψ

544 3868 833 3933 irridere
872 3866 1161 3947 solitum,
1205 3864 1311 3929 his
1351 3867 1578 3932 verbis
1613 3866 1784 3932 satis
1828 3866 2127 3932 dilucide
2170 3873 2239 3931 et
2277 3865 2616 3942 enucleate
2649 3863 3025 3950 significare
3055 3864 3475 3945 Lamachum,
3522 3885 3710 3949 quem
3742 3869 4014 3949 propter

543 3969 877 4052 ingentem
916 3968 1185 4034 cristam
1229 3963 1522 4050 bellique
1563 3966 1992 4050 cupiditatem
2032 3985 2236 4050 saepe
2274 3966 2474 4032 illudi
2516 3985 2556 4029 a
2595 3970 2792 4049 poeta
2834 3963 3248 4029 notissimum
3290 3974 3411 4031 est.
3498 3966 3664 4029 Cum
3708 3964 3904 4030 Nicia
3947 3971 4014 4029 et

544 4068 894 4134 Alcibiade
934 4065 1078 4149 ipse
1117 4067 1354 4136 tertius
1398 4066 1537 4132 dux
1578 4072 1873 4146 creatus,
1928 4066 2079 4131 fieri
2122 4067 2320 4130 nullo
2363 4075 2552 4153 pacto
2591 4064 2941 4150 potuisse,
3000 4071 3074 4128 ut
3124 4066 3206 4129 ab
3250 4065 3695 4149 Aristophane
3738 4064 4013 4130 silentio

547 4168 1199 4256 praetermitteretur.
1286 4166 1652 4247 Accedere,
1694 4167 1873 4251 quod
1915 4169 2236 4246 (vs-1⁰3)
2280 4165 2723 4250 interrogatus
2764 4166 2847 4229 ab
2890 4164 3255 4250 Euelpide‚
3300 4166 3413 4230 ubi
3460 4184 3713 4249 pennae
3756 4149 4011 4229 manse-

547 4270 723 4350 rint,
769 4265 1194 4352 respondeat.
1257 4286 1367 4330 »se
1409 4284 1583 4332 nunc
1623 4274 1695 4330 ut
1738 4286 1962 4334 omnes
2006 4287 2163 4334 aves
2205 4265 2415 4332 laetae
2457 4267 2713 4351 plumas
2756 4285 3065 4351 ponere«,
3106 4277 3274 4349 quae
3316 4266 3521 4330 verba
3561 4266 3645 4329 de
3680 4264 4012 4329 Lamacho

547 4368 884 4433 intellecta
938 4366 1145 4433 lucem
1201 4367 1458 4431 demum
1514 4365 1831 4452 accipere.
1931 4367 2104 4432 Nam
2162 4387 2418 4432 sensnm
2473 4369 2598 4435 τοῦ
2648 4367 3067 4460 πτερορῥυεΐν
3124 4366 3369 4430 clarum
3422 4365 3574 4430 fieri
3607 4387 3670 4431 ,θ
3722 4386 3823 4430 νε.
3868 4367 4009 4445 284,

548 4468 662 4534 ubi
703 4487 922 4553 upupa
958 4465 1170 4531 altera
1209 4466 1427 4532 minor
1465 4472 1622 4532 natu
1666 4466 2005 4532 confertur
2044 4481 2190 4532 cuir}
2223 4465 2462 4546 Callia,
2505 4464 2611 4530 cui
2656 4485 2695 4529 a
2736 4464 3173 4549 sycophantis
3216 4473 3283 4530 et
3323 4464 3714 4531 mulieribus
3752 4484 4008 4549 pennae

549 4568 960 4642 evelluntur3
1018 4564 1415 4630 Lamachum
1460 4571 1673 4634 autem
1716 4573 1851 4631 tam
1890 4585 2244 4651 pauperem
2287 4566 2526 4641 fuisse,
2587 4570 2659 4630 ut
2714 4566 2788 4630 in
2831 4566 3255 4651 suscipiendo
3295 4564 3578 4651 imperio
3622 4563 4011 4630 vestimenta

548 4673 618 4733 et
657 4666 924 4733 calceos·
952 4664 1290 4731 intulisset
1330 4664 1699 4732 rationibus
1741 4666 1881 4733 suis
1925 4667 2106 4745 (Nic.
2153 4687 2254 4751 cp.
2304 4670 2412 4743 153
2467 4666 2590 4730 cfr.
2638 4665 2921 4730 Acharn.
2965 4687 3062 4730 vs·
3111 4666 3280 4744 615).
3380 4664 3659 4746 Cetera,
3702 4683 3867 4748 quae
3909 4664 4008 4726 af-

548 4770 717 4849 fert,
759 4768 977 4834 minus
1019 4766 1261 4834 valent.
1345 4766 1436 4831 At
1475 4767 1537 4830 si
1582 4769 1826 4850 omnia,
1869 4769 2111 4851 quibus
2152 4766 2538 4834 sententiam
2581 4784 2766 4830 suam
2807 4765 3062 4832 firmari
3103 4769 3288 4849 putat
3331 4763 3757 4846 Snevernius,
3803 4784 4007 4849 aeque

548 4869 717 4933 bene
759 4872 1066 4954 poterunt
1104 4864 1397 4952 intelligi
1440 4867 1545 4932 de.
1565 4864 1790 4931 Tereo
1831 4883 2068 4953 upupa,
2125 4866 2443 4931 nonnulla
2482 4864 2678 4929 etiam
2725 4864 2984 4945 meliuS,
3027 4885 3166 4928 non
3205 4864 3357 4940 erit,
3401 4864 3575 4949 quod
3616 4862 3768 4929 viro
3810 4863 4008 4929 docto

550 4967 997 5034 assentiamur.
1096 4967 1398 5032 Primum
1453 4966 1626 5033 enim
1684 4988 1800 5036 cur
1838 4965 2093 5032 Tereus
2149 4966 2555 5052 potissimum
2611 4965 2857 5031 electus
2915 4966 3009 5030 sit
3059 4984 3099 5028 a
3151 4970 3379 5049 poeta,
3439 4962 3552 5049 qui
3596 4963 4006 5029 Pisthetaeri

548 5067 828 5136 consilia
884 5067 1117 5133 avibus
1171 5068 1613 5151 commendet,
1671 5067 1870 5133 facile
1926 5074 2029 5133 est
2079 5065 2444 5148 intellectu,
2502 5066 2560 5130 si
2604 5066 2799 5130 modo
2843 5083 2988 5131 eum
3035 5067 3226 5131 antea
3267 5065 3481 5129 fuisse
3521 5063 3853 5131 hominem
3896 5085 4008 5128 co-
