4225 5834
525 592 793 675 possent
832 587 1070 654 referri
1089 635 1109 672 ‚
1148 584 1280 672 nt!
1299 585 1561 652 unicum
1617 589 1837 672 aptum
1888 586 2214 651 medicum
2265 581 2528 653 civitati
2569 586 2800 652 morbo
2837 573 3233 674 gravissimo
3257 585 3606 656 laboranti
3646 585 3722 653 in
3764 585 3987 655 animo

525 679 841 754 habuisse
883 689 1389 755 commendare?
1433 686 1618 765 Quid
1647 674 1854 753 vero?
1896 687 2156 752 Nonne·
2180 686 2360 755 hunc
2398 685 2613 772 ipsum
2645 706 2886 760 novem,
2928 687 3120 753 annis
3160 692 3312 775 post
3349 687 3761 756 commendat
3796 692 3991 774 poeta

527 792 704 858 notis
746 789 898 858 istis
939 789 1278 872 versibuS,
1335 788 1451 872 qui
1493 792 1649 856 su'nt
1687 786 1761 851 in
1815 803 2123 851 ranarum
2168 786 2396 851 fabula
2436 788 2560 866 (vs.
2606 791 2763 876 1431
2807 788 2967 873 sq.),
3025 787 3270 877 quippe
3309 789 3388 852 in
3428 809 3557 875 quo
3598 783 3995 874 uno‘posita

520 892 968 960 ‘sitccivitatis
992 887 997 892 ’
1024 889 1247 955 salus?
1324 890 1499 955 Sane
1542 887 1843 974 quidem,
1901 888 2029 951 sed·
2060 886 2137 950 in
2178 906 2430 980 snmmo
2473 906 2549 952 ac
2603 887 3166 973 periculosissimo
3216 890 3621 975 reipublicae
3667 894 3990 974 tempore,
4026 880 4029 883 ⁴

504 1013 723 1090 *quum
765 990 873 1055 vir
914 1009 1080 1076 opus
1120 997 1297 1057 esset
1340 981 1715 1060 excellenti
1740 986 2012 1072 ingenio
2055 1007 2131 1051 ac
2171 986 2537 1071 singulari,
2592 988 2708 1071 qui
2767 989 3046 1073 patriam
3104 990 3187 1055 ab
3238 983 3515 1056 interitu
3556 994 3798 1076 ‚posset
3852 1010 3991 1056 ser-
4030 1062 4033 1069 z

524 1113 685 1161 vare
722 1127 810 1141 -
851 1087 1233 1179 quamquam
1291 1089 1366 1153 in
1419 1088 1566 1155 illis
1624 1087 1928 1153 versibus
1980 1091 2273 1172 ‘apertam
2331 1086 2714 1172 tyrannidis
2768 1088 3320 1174 significationem
3359 1110 3437 1154 ac
3475 1088 3993 1156 commendatio-

529 1217 711 1278 nem,
772 1215 902 1279 quo
956 1180 1191 1257 ultimo
1246 1188 1539 1256 remedio
1595 1187 2001 1274 reipublicae
2054 1187 2256 1253 saluti
2302 1186 2832 1254 subveniendum
2875 1188 3116 1273 fuerit,
3174 1192 3299 1257 vix
3338 1191 3558 1257 inesse
3599 1190 3821 1256 credo.
3905 1192 3995 1255 At

529 1317 660 1383 quo
701 1301 993 1380 tempore
1034 1311 1189 1358 aves
1231 1289 1644 1376 conscriptae
1684 1294 1871 1369 sunt,
1914 1286 2177 1353 viribus
2219 1288 2501 1373 integris
2545 1308 2620 1351 ac
2660 1286 3097 1356 validissimis
3137 1292 3490 1357 utebantur
3528 1289 3991 1370 Athenienses,

530 1418 698 1483 quae
754 1416 918 1462 vero
974 1391 1340 1480 periculum
1393 1395 1568 1472 erat,
1627 1411 1710 1455 ne
1765 1387 2126 1454 distractae
2167 1410 2243 1454 ac
2283 1387 2681 1454 dilaceratae
2722 1389 3046 1472 ejusmodi
3087 1390 3426 1457 conatibus
3467 1390 3720 1475 magnis
3763 1394 3834 1453 et
3871 1387 3994 1453 du·

531 1499 698 1581 biis,
753 1495 973 1581 qualis
1017 1496 1158 1559 erat
1199 1489 1544 1576 expeditio
1586 1489 1661 1552 in
1705 1487 2003 1553 Siciliam
2047 1489 2269 1572 facta,
2310 1488 2698 1573 praesertim
2743 1490 3085 1577 republica
3125 1483 3461 1558 intestinis
3500 1510 3579 1555 ac
3619 1487 3994 1556 domesticis
4043 1537 4044 1544 κ

530 1598 723 1665 malis
766 1595 1137 1675 laborante,
1182 1600 1249 1657 et
1288 1590 1481 1657 hoste
1521 1588 1847 1653 acerrimo
1891 1588 2297 1673 temporibus
2340 1588 2738 1671 insidiante,
2780 1590 2854 1653 in
2899 1610 3215 1655 summum
3257 1590 3620 1676 periculum
3664 1610 3739 1654 ac
3780 1595 3997 1655 extre-
4045 1648 4046 1670 ἒ

530 1720 702 1767 mum
746 1716 952 1782 paene
995 1691 1356 1759 discrimen
1397 1695 1808 1755 vocarentur.
1895 1689 2162 1754 Idcirco
2204 1709 2458 1754 omnem
2500 1688 2668 1754 iram
2708 1690 2995 1776 effundit
3035 1697 3228 1777 poeta
3267 1690 3341 1754 in
3382 1692 3502 1758 hos
3545 1695 3837 1771 conatus,
3879 1686 3995 1774 qui

530 1804 777 1887 quanto
817 1794 1152 1876 vaniores,
1196 1798 1380 1857 tanto
1422 1795 1614 1854 erant
1654 1788 2193 1873 periculosiores.
2277 1790 2491 1874 Atque
2535 1809 2680 1854 eum
2723 1810 2858 1854 non
2898 1791 3322 1876 comprobare
3361 1811 3471 1855 res
3503 1812 3543 1856 a
3567 1789 3994 1856 Pisthetaero

531 1898 894 1983 avibusque
950 1898 1170 1981 gestas
1187 1939 1207 1974 ,
1265 1896 1469 1986 totum
1527 1889 1857 1973 inceptum
1917 1909 2061 1952 eum
2104 1888 2348 1953 habere
2391 1909 2512 1974 pro
2553 1888 2741 1954 inani
2786 1899 2861 1954 ac
2899 1898 3213 1973 ventoso,
3267 1912 3357 1955 ex
3397 1888 3565 1977 ipsis
3607 1888 3859 1975 aliquot
3897 1887 3994 1950 fa-

531 2001 742 2066 bulae.
771 2001 1034 2080 nostrae
1074 1991 1242 2059 locis
1284 1989 1635 2053 manifesto
1678 1994 1967 2074 apparet.
2036 1988 2186 2052 Huc
2226 1989 2519 2073 pertinet
2556 1992 2781 2076 gravis
2822 1991 2955 2057 ista
2997 2014 3072 2058 ac
3111 2012 3343 2058 severa
3374 1990 3583 2055 Iridis
3624 1989 3994 2053 admonitio

537 2104 662 2182 (vs.
714 2101 869 2165 1238
889 2101 1015 2182 sq.)
1057 2098 1245 2177 cujus
1285 2110 1517 2157 sensus
1558 2090 1855 2155 detracto
1896 2089 2344 2171 integumento
2386 2091 2636 2155 comico
2677 2090 2788 2155 hic
2828 2095 2963 2156 est:
3008 2090 3209 2175 Cave,
3251 2093 3538 2157 omnium
3580 2089 3993 2170 stultissime,

532 2224 616 2266 ne
656 2195 1048 2263 incredibili
1090 2202 1202 2259 tua
1242 2189 1652 2276 impudentia
1694 2193 1891 2273 atque
1934 2189 2209 2255 audacia
2245 2189 2384 2257 iras
2427 2191 2681 2257 excites
2714 2192 2985 2259 deorum
3020 2198 3087 2268 et
3125 2193 3468 2259 interitum
3511 2191 3637 2257 tibi
3681 2196 3750 2257 et
3787 2173 3996 2254 omni·

534 2305 689 2384 bus,
746 2298 865 2384 qui
917 2304 1133 2360 tecum
1187 2291 1525 2373 conjuncti
1578 2294 1765 2372 sunt,
1824 2309 2042 2374 pares·
2144 2290 2481 2375 Detegunt
2530 2291 2606 2355 hi
2646 2311 2878 2358 versus
2918 2312 3230 2358 summam
3269 2300 3505 2380 poetae
3547 2290 3991 2371 severitatem,

536 2422 729 2487 quam
790 2419 908 2486 per
958 2394 1368 2458 hilaritatem
1428 2394 1623 2473 atque
1688 2388 2031 2455 lasciviam
2098 2389 2475 2455 comoediae
2533 2412 3005 2479 saepenumero
3043 2415 3491 2481 -prorumpere
3545 2399 3720 2459 recte
3774 2393 3996 2455 monet

535 2500 809 2585 Kochly
849 2500 953 2582 (p.
1005 2494 1128 2573 12).
1211 2490 1490 2557 Poetam
1531 2509 1693 2553 vero
1735 2489 2092 2555 vanitatem
2135 2490 2386 2576 incepti
2429 2490 2499 2554 in
2542 2491 2767 2590 ludum
2801 2498 3151 2579 jocumque
3193 2502 3492 2578 vertere,
3547 2493 3755 2579 quod,
3799 2511 3995 2575 quum

536 2623 695 2668 aere
743 2607 1048 2683 tanquam
1103 2592 1530 2657 fundamento
1588 2587 1872 2671 nitatur,
1932 2589 2181 2653 nullam
2224 2589 2462 2656 habeat
2501 2590 2877 2658 firmitatem
2921 2615 2995 2659 ac
3036 2594 3464 2660 stabilitatem
3481 2643 3502 2678 ,
3556 2594 3867 2658 docemur
3908 2609 3997 2653 ex

536 2707 805 2787 stupore
846 2695 1068 2777 chori,
1125 2691 1276 2778 qui,
1335 2710 1528 2776 quum
1573 2687 1898 2775 upupa·ei
1940 2689 2357 2775 exposuerit,
2414 2712 2533 2756 cur
2574 2692 2909 2777 peregrini
2966 2692 3077 2758 illi
3121 2695 3544 2777 advenerint,
3601 2694 3992 2776 interrogat,

537 2824 691 2869 num
736 2801 909 2864 forte
950 2800 1168 2860 mente
1210 2790 1328 2855 isti
1368 2790 1508 2855 sint
1564 2790 1741 2875 capti
1796 2788 1924 2866 (vs.
1968 2793 2089 2855 426
2130 2790 2294 2875 sq.);
2357 2789 2665 2855 docemur
2706 2813 2794 2857 ex
2833 2792 3314 2859 consultatione
3356 2795 3441 2858 de
3480 2793 3746 2858 nomine
3788 2808 3996 2854 novae

538 2903 692 2968 urbi
734 2893 1153 2984 imponendo,
1195 2898 1263 2955 et
1303 2911 1390 2954 ex
1418 2888 1943 2972 interrogatione
1972 2890 2468 2984 illaQEuelpidis
2501 2893 2623 2970 (vs.
2649 2896 2766 2961 821
2801 2897 2958 2981 sq.)=
3001 2893 3173 2961 Num
3216 2896 3381 2962 haec
3420 2903 3520 2962 est
3562 2897 3693 2960 ista
3729 2891 3996 2979 Nephe-

536 2998 950 3083 lococcygia,
1010 2992 1121 3058 ubi
1162 2990 1544 3073 Theagenis
1598 2993 1663 3053 et
1713 2989 2067 3057 Aeschinis
2114 2997 2340 3076 jacent
2391 2992 2625 3057 fundi?
2692 2996 2777 3059 ad
2835 3016 3027 3079 quam
3081 2996 3548 3062 Pisthetaerus
3604 2994 3991 3082 respondetz

539 3104 716 3169 Sane
757 3106 860 3165 est
901 3115 1164 3180 campus
1208 3090 1653 3174 Phlegraeus,
1711 3090 1826 3154 ubi
1878 3089 2213 3174 gigantum
2257 3092 2540 3157 immane
2576 3115 2782 3179 genus
2824 3116 2862 3159 a
2904 3095 3041 3161 diis
3084 3116 3380 3162 eversum
3422 3105 3491 3162 et
3530 3096 3816 3160 deletum
3859 3098 3995 3171 est;

539 3206 852 3270 docemur
890 3197 1177 3280 denique
1217 3192 1341 3273 iis,
1399 3209 1567 3275 quae
1608 3191 1878 3257 nuntius
1921 3199 2149 3257 narrat
2189 3191 2272 3257 de
2312 3194 2497 3258 urbis
2542 3194 3002 3261 aedificatione
3054 3195 3206 3276 (cfr.
3250 3217 3348 3263 vs.
3395 3200 3556 3263 1126
3585 3196 3708 3280 sq.)
3751 3199 3819 3258 et
3858 3200 3994 3258 stu-

541 3325 703 3392 pore
732 3296 1161 3376 Pisthetaeri,
1204 3293 1344 3379 qui,
1376 3311 1571 3377 quum
1605 3289 2010 3376 aliquamdiu
2037 3290 2170 3356 ista
2196 3293 2576 3357 narratione
2604 3295 3088 3381 obstupefactus
3122 3296 3406 3378 siluerit,
3448 3295 3651 3361 choro
3684 3296 3990 3378 rogante=

544 3408 724 3487 Quid
769 3404 1030 3470 tandem
1071 3396 1256 3485 agis?
1297 3416 1452 3459 num
1483 3394 1773 3473 miraris,
1818 3392 1993 3479 quod
2036 3395 2136 3458 ita
2177 3395 2486 3459 celeriter
2528 3394 2789 3458 moenia
2830 3401 3164 3462 exstructa
3190 3395 3366 3461 sint?
3407 3394 3571 3461 haec
3603 3392 3991 3478 respondet:

540 3504 907 3583 Mehercle,
951 3496 1443 3565 mendaciorum
1486 3494 1701 3558 instar
1741 3493 2082 3575 videntur,
2142 3515 2307 3580 quae
2348 3514 2582 3561 narras
2624 3495 2749 3574 (vs.
2795 3499 2953 3562 1167
2996 3497 3146 3583 ΒΨ).
3244 3494 3502 3561 Verbis,
3536 3491 3993 3559 luculentiori-

543 3612 668 3675 bus
724 3612 953 3694 poeta,
1009 3597 1173 3684 quid
1229 3597 1509 3662 sentiret
1565 3594 1650 3658 de
1692 3595 1912 3658 avium
1958 3594 2257 3679 incepto,
2312 3592 2429 3659 vix
2475 3601 2731 3681 poterat
2769 3594 3050 3680 aperire.
3090 3635 3172 3648 —
3224 3595 3315 3659 Et
3354 3593 3547 3680 quale
3590 3593 3851 3658 tandem
3894 3598 3997 3657 est

541 3709 715 3776 illud
786 3700 1155 3787 exemplum
1223 3716 1540 3760 novarum
1594 3692 2033 3776 Athenarum,
2107 3695 2281 3779 quod
2351 3693 2425 3757 in
2487 3695 2722 3760 avibus
2777 3694 2972 3758 nobis
3025 3696 3433 3781 propositum
3491 3715 3636 3764 esse
3689 3692 3835 3758 vult
3887 3692 3995 3757 vir

542 3804 813 3874 doctus?
893 3802 1067 3867 Num
1126 3803 1227 3863 est
1281 3798 1355 3861 in
1411 3794 1633 3860 avium
1690 3793 1959 3858 civitate
2000 3813 2079 3857 ea
2120 3792 2569 3877 tranquillitas
2614 3793 2817 3860 animi
2861 3799 2929 3859 et
2968 3795 3324 3878 securitas,
3381 3814 3461 3858 ea
3500 3814 3667 3880 part,
3723 3814 3800 3860 ea
3841 3813 3994 3859 con-

542 3907 805 3988 cordia,
849 3923 1014 3989 quae
1054 3921 1095 3965 a
1136 3906 1327 3984 poeta
1372 3895 1652 3962 Athenis
1694 3899 2037 3979 tantopere
2080 3893 2582 3960 desiderantur?
2636 3893 2743 3960 Ad
2785 3894 3277 3962 Pisthetaerum
3319 3893 3541 3960 delato
3583 3915 3831 3960 summo
3871 3894 3996 3958 im-

542 4008 737 4096 perio
791 4013 859 4069 et
913 4001 1193 4068 deducta
1254 4018 1292 4062 e
1350 3997 1538 4061 coelo
1595 3993 1899 4077 Basilea,
1956 4015 2108 4058 num
2171 3995 2394 4060 omnia
2451 3995 2622 4059 bona
2677 4002 2743 4061 et
2805 3994 3081 4061 honesta
3141 3999 3208 4060 et
3272 3994 3613 4080 praeclara
3667 3994 3867 4062 simul
3920 3994 3995 4059 in

543 4128 780 4176 novum
839 4092 1111 4189 regnum
1169 4095 1597 4164 invaserunt?
1679 4095 1859 4161 Nolo
1913 4094 2277 4160 accuratius
2331 4095 2749 4176 examinare,
2808 4113 2973 4180 quae
3028 4094 3140 4159 vir
3181 4095 3411 4161 doctus
3454 4095 3622 4160 dicit
3662 4095 3745 4160 de
3786 4094 3996 4160 altera

545 4204 849 4298 par-abasi
891 4223 980 4268 ex
1022 4200 1201 4264 omni
1243 4206 1431 4285 parte
1470 4196 1741 4262 diversa
1783 4217 1822 4261 a
1862 4193 2086 4280 priore
2128 4193 2272 4261 sive
2315 4194 2397 4259 de
2437 4201 2671 4261 natura
2724 4196 2944 4260 avium
2999 4212 3272 4280 prorsus
3328 4198 3744 4278 commutata,
3798 4217 3995 4282 quum

543 4303 947 4395 argumentis
1002 4322 1076 4366 ac
1129 4297 1497 4365 rationibus
1552 4317 1687 4360 non
1745 4295 2088 4360 confirmet
2145 4295 2536 4361 sententiam
2588 4316 2770 4363 suam
2811 4331 2894 4344 —
2952 4294 3257 4381 equidem
3315 4316 3481 4377 eam,
3536 4314 3727 4381 quam
3768 4295 3998 4363 statuit

543 4407 881 4492 Koechly,
924 4400 1378 4467 diversitatem
1419 4398 1668 4461 frustra
1708 4396 2005 4463 laboravi
2062 4417 2331 4461 cernere
2369 4432 2454 4449 ·-
2495 4397 2654 4462 nolo
2709 4396 2930 4481 magni
2984 4397 3239 4478 facere,
3296 4395 3472 4480 quod
3514 4393 3994 4480 PisthetaeruS,

542 4531 738 4598 quum
779 4507 1060 4573 vixdum
1103 4499 1389 4567 omnium
1434 4518 1655 4563 rerum
1698 4503 1989 4582 potestas
2033 4497 2116 4562 ad
2160 4519 2302 4562 eum
2345 4498 2762 4584 pervenerit,
2810 4501 2948 4580 ,iam
2991 4517 3071 4561 eo
3113 4496 3313 4561 debet
3351 4496 3740 4582 procedere,
3797 4500 3870 4560 ut
3910 4496 3994 4560 de

547 4612 779 4682 avibus
818 4604 1185 4687 nonnullis,
1229 4621 1396 4687 quae
1438 4599 1769 4667 seditione
1808 4599 1983 4665 facta
2023 4599 2491 4686 rempublicam
2535 4607 2835 4666 evertere
2876 4616 3070 4662 ausae
3110 4595 3277 4679 sint,
3319 4595 3709 4683 supplicium
3752 4602 3991 4663 sumat:

544 4734 773 4780 verum
827 4706 1150 4797 quomodo
1208 4723 1280 4768 se
1337 4701 1539 4766 habet
1592 4700 1714 4766 dos
1768 4700 1894 4765 illa
1946 4698 2292 4778 Basileae,
2361 4700 2616 4788 qualem
2668 4698 3103 4764 Prometheus
3159 4695 3582 4763 Pisthetaero
3647 4695 3993 4784 exposuit?

544 4812 817 4884 Basilea
857 4816 1121 4896 praeter
1160 4803 1366 4871 multa
1407 4808 1477 4868 et
1513 4804 1684 4866 bona
1726 4807 1794 4867 et
1834 4800 2181 4888 praeclara
2220 4822 2437 4869 secum
2478 4801 2612 4867 fert
2652 4798 2849 4866 etiam
2892 4796 3007 4868 τὸν
3034 4797 3480 4891 κωλακρέτην,
3510 4796 3599 4865 τὰ
3628 4792 3989 4892 τριώβολα.

543 4911 772 4995 Quid?
826 4930 1044 4977 nonne
1097 4908 1307 4996 igitur
1361 4926 1400 4969 e
1455 4904 1643 4971 coelo
1684 4901 1953 4969 deducit
1995 4902 2296 4987 =judicum
2342 4923 2598 4989 quoque
2638 4901 2978 4984 ordinem,
3036 4904 3221 4984 cujus
3262 4904 3510 4966 tantum
3552 4898 3777 4966 odium
3818 4903 3996 4990 cepit

545 5008 1092 5103 Aristophanem?
1132 5007 1401 5088 Quaero
1435 5004 1747 5091 denique,
1789 5005 2118 5092 quomodo
2160 5026 2293 5071 non
2335 5004 2730 5070 abhorreant
2764 5004 2846 5069 ab
2889 5001 3255 5092 exemplari
3297 5000 3423 5067 illo
3459 5019 3776 5068 novarum
3795 5002 3994 5069 Athe-
