4225 5834
1882 239 1891 247 ,

2002 375 2209 385 ...-..
2349 319 2401 407 9

644 551 792 598 esse
833 531 1088 599 lucrum
1128 529 1368 598 confisi
1409 528 1580 610 sint,
1639 527 1835 593 modo
1874 549 1961 593 ne
2007 533 2211 593 totam
2253 529 2542 595 fabulam
2586 529 2975 614 allegoriam
3018 533 3297 614 reddas,
3356 540 3425 600 et
3464 532 3725 621 singula
3766 556 3870 600 om

641 631 827 695 illam
868 631 1208 717 pertinere
1250 629 1449 695 velis.
1547 627 1737 704 Quae
1778 647 1970 714 quam
2012 648 2242 714 parum
2287 630 2373 694 ad
2413 649 2555 694 eam
2599 637 2928 715 spectent,
2984 635 3207 697 statim
3264 633 3456 699 vides
3510 634 3583 697 in
3634 635 3863 703 Meton

645 751 1032 816 quamquam
1075 728 1528 815 expeditionis
1570 727 1994 794 adversarius
2039 727 2502 793 acerbissimus
2545 729 2754 809 (Plut.
2797 730 2948 796 Nic.
2993 753 3095 818 cp.
3143 737 3256 812 133
3299 734 3513 801 Alcib.
3558 757 3658 821 cp.
3693 738 3818 820 17),

644 832 865 896 minus
906 833 990 896 ab
1037 828 1518 915 Aristophane,
1569 826 1822 911 injusto
1865 833 2007 909 ejus
2050 829 2392 894 doctrinae
2442 830 2603 894 odio
2656 829 3013 917 flagrante,
3068 830 3316 899 acriter
3357 834 3859 921 perstringitur,

646 932 1055 1001 Suevernius
1107 931 1372 1016 quidem
1431 931 1533 1014 (p.
1577 930 1686 1008 72)
1740 948 1780 992 a
1834 928 2261 996 Pisthetaero
2315 929 2360 993 i.
2403 952 2459 995 e.
2504 930 2858 995 Alcibiade
2915 937 3141 1018 utpote
3194 953 3466 1001 suasore
3505 942 3574 1000 et
3610 944 3913 1018 auctore

645 1031 898 1118 incepti
940 1036 1124 1119 putat
1164 1028 1644 1097 exturbandum
1687 1028 1898 1093 fuisse
1955 1050 2043 1093 ex
2084 1049 2304 1110 scena,
2349 1031 2477 1095 etsi
2518 1029 2596 1094 in
2640 1031 2874 1096 avibus
2915 1036 3062 1116 ejus
3102 1033 3348 1101 amicus
3390 1041 3458 1100 et
3484 1036 3748 1116 adjutor
3782 1059 3915 1123 app*

646 1133 805 1200 Non
847 1134 1059 1218 magis
1098 1129 1491 1196 sacrificium
1533 1150 1654 1216 per
1696 1128 1855 1193 illos
1897 1128 2201 1196 homines
2242 1131 2568 1195 turbatum
2610 1138 2908 1216 spectare
2961 1134 3317 1216 putandum
3374 1143 3507 1217 est,
3568 1135 3665 1201 uti
3707 1136 3883 1205 Suev

646 1232 797 1298 vult
843 1234 944 1317 (p.
989 1235 1132 1314 73),
1191 1232 1276 1295 ad
1329 1230 1688 1295 libationes
1731 1237 1803 1292 et
1841 1249 2107 1314 preces,
2164 1229 2406 1313 quibus
2448 1229 2720 1313 classis,
2780 1238 3122 1319 antequam
3167 1254 3206 1299 e
3247 1240 3444 1318 portu
3487 1235 3860 1321 navigavit,
3918 1283 3921 1309 ÷

644 1331 910 1397 initiata
948 1339 1018 1396 et
1056 1340 1438 1397 consecrata
1479 1335 1582 1397 est
1623 1329 1866 1410 (Thuc.
1910 1334 1972 1409 6,
2013 1331 2147 1408 32).
2192 1364 2280 1377 -
3920 1367 3923 1384 1

806 1431 937 1496 His
993 1431 1350 1513 absolutiS,
1400 1435 1542 1513 jam
1599 1429 1981 1495 accedamus
2036 1429 2121 1493 ad
2180 1429 2292 1504 id,-
2348 1428 2438 1513 in·
2477 1449 2608 1513 quo
2665 1428 2869 1497 totius
2925 1430 3286 1499 Suevernii
3341 1434 3812 1519 disputationis
3865 1460 3927 1506 s,

647 1532 1017 1598 consistere
1059 1530 1290 1611 debet,
1333 1550 1464 1615 quo
1505 1531 1783 1616 probato
1825 1535 2047 1595 cetera
2087 1549 2351 1614 quoque
2395 1528 2654 1610 omnia,
2700 1546 2870 1612 quae
2902 1534 3045 1613 jam
3085 1533 3479 1615 perscrutati
3526 1556 3782 1618 snmuS,
3839 1546 3929 1603 etv

647 1652 805 1697 mox
859 1629 1270 1712 videbimus,
1322 1634 1638 1711 majorem
1698 1637 1880 1715 certe
1933 1629 2244 1694 veritatis
2300 1629 2583 1714 speciem
2643 1629 3201 1696 nanciscerentur.
3313 1632 3555 1716 Agitur
3610 1636 3785 1701 enim
3837 1642 3910 1720 ja

646 1733 865 1798 avium
910 1729 1171 1814 incepti-
1201 1728 1644 1797 similitudine
1706 1750 1849 1794 cum
1907 1727 2339 1812 expeditione
2381 1728 2639 1811 Sicula,
2695 1733 2883 1812 cujus
2923 1731 3366 1797 Athenienses
3423 1753 3565 1797 eum
3623 1735 3770 1801 fore
3811 1750 3892 1802 ev
3931 1727 3932 1733 ἵ

647 1839 830 1899 recte
887 1834 1119 1898 statuit
1184 1831 1593 1896 Suevernius
1646 1831 1746 1915 (p.
1785 1836 1855 1895 11
1901 1831 2027 1915 sq.)
2085 1848 2422 1915 sperasse,
2493 1835 2563 1893 ut
2617 1829 2928 1911 Siciliae,
2999 1830 3294 1916 Libyae,
3353 1832 3811 1919 Carthaginis,
3879 1838 3912 1900 I

646 1932 1052 2001 devicturum
1108 1930 1283 1996 aucti
1310 1996 1315 2001 ,
1339 1938 1406 1995 et
1434 1929 1673 2014 adjuti
1729 1931 1965 2015 opibus
2023 1935 2228 1994 totam
2283 1928 2813 2014 Peloponnesum
2866 1929 3125 2014 ingenti
3194 1931 3405 1998 classe
3474 1934 3851 2018 cingerent,
3938 2003 3941 2006 ,

651 2034 1013 2120 Spartanos
1058 2029 1464 2115 prohibitos,
1520 2030 1870 2115 quominus
1914 2051 1950 2095 a
1994 2029 2198 2095 sociis
2241 2036 2433 2095 extra
2473 2028 3003 2114 Peloponnesum
3034 2030 3190 2095 sitis
3231 2032 3512 2114 tributa,
3566 2053 3734 2117 quae
3787 2035 3928 2100 sole

650 2132 1213 2219 adipiscerentur,
1256 2129 1390 2207 sibi
1433 2131 1873 2214 subjicerent,
1933 2131 2162 2196 eodem
2205 2129 2402 2201 modo
2442 2150 2572 2213 quo
2613 2150 2774 2195 aves
2802 2151 2956 2201 aere
2985 2130 3487 2198 circummunito
3529 2135 3690 2200 deos
3732 2135 3910 2222 impe
3944 2217 3947 2221 .

650 2234 1002 2317 quominus
1058 2231 1145 2293 ad
1202 2230 1499 2297 homines
1549 2231 1996 2312 descendant,
2052 2251 2515 2315 sacrorumque
2564 2229 2834 2301 nidores
2889 2252 3012 2315 per
3063 2252 3278 2297 aerem
3334 2232 3408 2297 in
3463 2233 3715 2301 coelum
3767 2257 3949 2302 assu.

653 2331 891 2399 solitos
938 2329 1306 2416 accipiant,
1368 2350 1638 2413 regnum
1696 2330 1827 2396 sibi
1886 2349 1961 2394 ac
2018 2329 2456 2416 principatum
2510 2331 2866 2397 concedere
2924 2338 3183 2414 cogunt.
3305 2330 3491 2398 Haec
3542 2333 3656 2417 qui
3709 2336 3951 2419 legit,

654 2433 924 2519 quidem
981 2451 1178 2495 sensu
1234 2449 1309 2494 ac
1353 2429 1616 2512 judicio
1677 2451 1834 2515 prae
1905 2429 2148 2495 ceteris
2213 2429 2563 2514 cogitabit,
2634 2431 3141 2514 Aristophanem
3209 2431 3462 2517 aliquot
3523 2432 3738 2520 iisque
3800 2437 3955 2510 dilu

656 2541 725 2597 et
792 2529 1043 2616 apertis
1112 2530 1390 2595 indiciis
1450 2529 1868 2613 significare,
1940 2550 2195 2594 murum
2271 2529 2457 2594 illum
2523 2529 2743 2607 avium
2804 2551 2949 2596 esse
3006 2531 3318 2612 classem,
3394 2553 3523 2616 qua
3584 2533 3932 2621 Peloponn

650 2632 917 2716 cingere
972 2629 1044 2693 in
1099 2631 1320 2695 animo
1377 2631 1662 2695 habeant
1694 2629 2173 2711 Athenienses,
2242 2629 2316 2694 in
2378 2649 2581 2714 eaque
2627 2631 3030 2697 exstruenda
3079 2632 3521 2714 subiectarum
3578 2638 3905 2700 terrarum

655 2754 733 2799 ac
773 2730 1049 2797 divitias
1090 2751 1237 2795 esse
1273 2737 1710 2816 consumptas.
1813 2727 1961 2795 Hoc
2016 2730 2217 2794 etiam
2261 2729 2662 2795 Suevernius
2719 2732 2933 2797 sensit
2985 2728 3117 2796 sibi
3170 2751 3316 2796 esse
3354 2731 3725 2797 accuratius
3774 2735 3958 2820 expli

655 2833 847 2910 dums
891 2837 958 2898 et
993 2830 1212 2896 nuntii
1254 2830 1736 2895 exclamatione
1779 2851 1874 2895 vs.
1902 2830 2094 2897 1124:
2140 2825 2635 2925 ἐξῳκοδόμηταί
2684 2855 2785 2900 σοι
2832 2830 2910 2900 τὸ
2958 2835 3193 2922 τεῖχος
3234 2831 3456 2895 statim
3497 2831 3585 2894 ad
3622 2832 3824 2897 totius
3864 2837 3939 2898 in

652 2933 847 2999 finem
906 2937 977 2996 et
1028 2937 1330 2995 eventum
1385 2950 1508 2994 nos
1564 2929 1795 2995 ductos
1853 2951 1999 2997 esse
2042 2949 2081 2993 a
2124 2937 2319 3013 poeta
2370 2927 2530 2994 dicit
2572 2931 2675 3014 (p.
2721 2933 2804 2997 75
2844 2930 2975 3013 sq.)
2989 2955 3012 3010 ς
3080 2928 3394 3009 nimirum
3449 2928 3515 2994 ei
3569 2952 3703 2995 non
3755 2954 3919 3017 opus
3966 3009 3969 3018 Ι

652 3033 988 3100 mentione
1030 3030 1339 3114 Siciliae,
1395 3030 1672 3110 ltaliae,
1728 3031 1994 3116 Libyae
2049 3022 2599 3116 expugnatarum,
2655 3030 2965 3115 quoniam
3033 3033 3190 3112 ejus,
3235 3027 3342 3092 rei
3392 3027 3646 3109 nullum
3700 3023 3971 3116 poterat-

652 3133 887 3200 venire
939 3130 1280 3196 indicium.
1393 3132 1483 3196 At
1532 3138 1711 3197 certe
1766 3130 2035 3217 Libyae
2087 3137 2497 3216 expugnatae
2552 3126 2948 3193 mentionem
3002 3128 3233 3212 injicit
3286 3135 3499 3214 poeta.
3608 3130 3780 3196 Nam
3838 3134 3924 3196 tri

653 3234 877 3303 millia
916 3252 1147 3316 gruum
1191 3230 1597 3316 Libycorum
1643 3230 1904 3317 lapides
1949 3231 2307 3296 devoratos
2349 3229 2645 3294 attulisse
2687 3235 3081 3309 narrantur„
3139 3228 3255 3313 qui
3312 3231 3641 3294 moenium
3694 3223 3975 3296 fundam*

654 3340 882 3403 &sent
918 3334 1054 3413 (vs.
1102 3335 1263 3398 1136
1302 3332 1451 3414 sq.).
1556 3329 1781 3406 Quid?
1836 3350 2056 3396 nonne
2108 3330 2413 3394 subactae
2468 3329 2734 3414 Libyae
2786 3327 3064 3393 divitias
3119 3326 3354 3410 classi,
3409 3349 3537 3414 qua
3589 3329 3972 3416 Peloponne

657 3435 925 3518 cingere
983 3431 1292 3497 volebant
1344 3429 1817 3507 Athenienses,
1890 3429 2341 3496 aedificandae
2399 3429 2931 3495 destinaverant?
3011 3427 3266 3491 Eodem
3309 3433 3608 3512 spectare
3663 3434 3878 3513 putat,
3938 3453 3979 3517 q

656 3555 756 3600 vs.
798 3534 961 3600 1250
1012 3539 1600 3597 commemorantur
1651 3530 2147 3616 porphyriones
2209 3530 2559 3614 pardorum
2615 3527 2904 3615 pellibus
2960 3526 3213 3609 induti,
3284 3548 3449 3611 quos
3513 3527 3799 3595 minatur
3851 3529 3978 3598 Pis

656 3641 879 3701 taetus
921 3652 993 3696 se
1034 3649 1183 3696 esse
1222 3628 1574 3695 missurum
1621 3629 1706 3695 ad
1746 3630 1984 3695 Jovem
2026 3630 2577 3715 aggrediendum,
2633 3629 2743 3697 his
2797 3628 2971 3695 enim
3025 3628 3394 3715 significari
3446 3628 3703 3695 auxilia
3743 3630 3979 3717 Libyci

658 3733 1189 3819 Peloponnesum
1245 3730 1601 3811 mittenda,
1658 3750 1853 3815 quum
1911 3730 2252 3811 Africani,
2317 3738 2384 3796 et
2434 3728 2742 3816 inprimis
2801 3728 3060 3813 equites
3110 3728 3454 3795 Numidici
3512 3729 3585 3792 id
3641 3750 3850 3814 genus
3875 3779 3882 3787 .
3905 3754 3979 3817 pe

660 3841 925 3917 gestare
966 3830 1150 3898 soliti
1201 3831 1340 3896 sint
1381 3829 1618 3909 (SueV.
1663 3852 1726 3914 p.
1771 3831 2096 3911 75—76).
2194 3831 2352 3897 Non
2391 3830 2863 3913 intelligimus,
2921 3851 3038 3895 cur
3077 3829 3592 3914 Aristophanes,
3653 3851 3849 3913 quum
3892 3832 3979 3915 ph

659 3938 1003 4017 praeterea
1042 3939 1519 3997 commemoret,
1541 3951 1733 4013 aves,
1793 3950 1958 4015 quae
2016 3932 2100 3995 ad
2153 3951 2378 3996 muros
2431 3929 2877 3999 aedificandos
2935 3949 3202 4014 operam
3258 3947 3438 3995 suam
3483 3930 3923 4014 contulerint,

658 4032 771 4099 his
826 4050 1085 4115 quoque
1137 4029 1486 4110 tribuerit,
1543 4051 1710 4116 quae
1766 4052 1889 4096 nos
1931 4036 2243 4116 cogerent
2287 4030 2370 4095 de
2411 4032 2650 4099 ceteris
2692 4051 2949 4116 quoque
2991 4028 3190 4095 terris
3246 4029 3559 4114 cogitare.
3660 4029 3909 4097 Omnes
3950 4031 3979 4094 t

659 4149 933 4217 quarum
976 4129 1166 4192 labor
1196 4130 1268 4193 in
1301 4129 1422 4193 illa
1465 4152 1538 4196 re
1576 4131 2010 4217 conspicitur,
2053 4151 2213 4197 aves
2254 4131 2350 4197 ita
2390 4131 2632 4207 electae
2663 4137 2858 4210 sunt,
2904 4137 3006 4210 ut,
3049 4129 3156 4197 cui
3198 4128 3300 4194 rei
3329 4128 3777 4214 perficiendae
3819 4129 3979 4218 sing

644 4246 957 4316 *quaeque
997 4227 1280 4295 maxime
1323 4238 1517 4313 aptae
1554 4236 1621 4297 et
1660 4231 1942 4296 idoneae
1983 4239 2169 4314 sunt,
2213 4236 2358 4312 ejus
2400 4252 2619 4301 curam
2662 4231 2752 4298 iis
2794 4230 3208 4299 mandaverit
3248 4235 3461 4315 poeta.
3545 4230 3662 4294 Sic
3700 4251 3919 4315 grueS,
3961 4255 3979 4301 ‹

659 4330 839 4397 niam
880 4331 956 4394 in
998 4327 1195 4394 aliam
1240 4336 1482 4395 terram
1516 4329 1865 4413 migraturi
1906 4331 2165 4416 lapides
2207 4333 2560 4400 devorasse
2602 4333 3011 4411 ferebantur,
3053 4333 3403 4415 quominus
3436 4349 3477 4393 a
3502 4332 3723 4395 ventis
3765 4330 3913 4414 huc,
3955 4334 3979 4398 i

651 4436 1082 4514 jactarentur,
1129 4430 1609 4495 accommodate
1652 4449 1810 4495 sane
1855 4432 1938 4497 ad
1982 4454 2116 4498 rem
2163 4439 2406 4501 nostro⁴
2434 4431 2579 4499 loco
2624 4431 3036 4499 adhibentur.
3113 4430 3626 4516 Porphyriones
3668 4451 3828 4499 vero
3870 4433 3979 4497 del

661 4544 893 4618 poeta,
948 4539 1021 4595 ut
1061 4530 1445 4615 designaret
1496 4531 1830 4617 gigantum
1888 4553 2087 4597 unum
2148 4535 2445 4615 ejusdem
2483 4531 2830 4614 nominis,
2886 4529 3329 4616 ridiculeque,
3386 4548 3516 4615 quo
3571 4529 3838 4597 illarum
3900 4551 3980 4597 av

659 4641 983 4697 terrorem
1042 4636 1109 4695 et
1159 4628 1563 4694 atrocitatem
1624 4636 1891 4715 augeat,
1949 4653 2062 4699 eos
2123 4633 2412 4718 pellibus
2467 4633 2819 4719 pardorum
2879 4631 3336 4699 indutosesse
3378 4627 3540 4692 vult.
3582 4665 3666 4677 -—
3716 4630 3918 4695 Unde
3959 4652 3979 4693 i

657 4728 1097 4812 intelligimus
1139 4728 1223 4794 de
1263 4730 1527 4814 incepto
1571 4730 1941 4813 maritimo,
1984 4732 2067 4797 de
2109 4733 2562 4819 Peloponnesi
2602 4733 2953 4803 obsidione
2993 4749 3361 4799 sermonem
3404 4735 3592 4797 esse?
3654 4730 3768 4794 Ex
3809 4729 3979 4793 dicti·

661 4831 789 4897 bus
827 4829 1082 4913 aliquot
1120 4850 1158 4892 e
1198 4850 1276 4893 re
1317 4830 1546 4897 navali
1588 4831 1901 4917 sumptis3
1960 4831 2085 4896 huc
2127 4835 2467 4920 pertinere
2510 4833 2667 4913 (cfr.
2714 4832 2910 4899 Suev.
2959 4855 3020 4916 p.
3064 4833 3183 4910 77)
3243 4850 3340 4895 vs.
3392 4834 3580 4906 1157,
3637 4849 3731 4892 vs.
3782 4832 3941 4896 1203

663 4951 760 4995 vs.
808 4932 1003 5008 12563
1041 4949 1140 4993 vs.
1192 4932 1366 4997 1394.
1404 4970 1501 5001 —-.
1528 4929 1854 4997 Minutias
1896 4938 2118 5017 captat
2159 4932 2596 5015 Suevernius,
2642 4955 2730 4999 ex
2773 4932 2988 5018 iisque
3029 4952 3171 4995 rem
3213 4928 3668 5016 gravissimam
3714 4929 3979 4995 studet«

660 5029 949 5095 vincere.
1048 5026 1254 5110 Quis,
1314 5049 1596 5113 quaeso,
1652 5031 2007 5099 mirabitur
2048 5034 2227 5117 apud
2269 5034 2664 5118 scriptorem
2705 5034 2993 5101 Atticum
3040 5032 3402 5119 permultas
3442 5026 3764 5114 imagines
3807 5050 3964 5105 ere
