4225 5834
1770 353 2526 441 *10*-

351 560 361 569 '
425 563 561 628 vali
601 566 932 650 sumptas?
1031 563 1217 641 Quid
1258 561 1629 649 simplicius
1672 563 2012 649 magisque
2067 562 2168 628 rei
2201 564 2666 645 conveniens,
2725 586 2914 652 quam
2973 585 3277 652 magnum
3329 569 3557 653 epe-ris
3614 569 3893 655 alicujus

423 662 755 749 fragorem
808 664 1178 750 comparari
1246 683 1390 728 cum
1450 680 1565 744 ee,
1636 663 1749 748 qui
1817 662 1889 726 in
1943 662 2292 729 navalibus
2357 665 2659 747 auditur,
2736 666 3120 752 praesertim
3187 689 3230 732 a
3263 667 3415 733 cive
3453 670 3891 736 Atheniensi?

425 760 653 839 Quid?
695 765 871 848 quod
913 767 1182 858 πέτρας,
1234 783 1432 848 rupes
1472 764 1666 844 illas,
1724 784 1813 828 ex
1866 764 2101 850 quibus
2141 766 2447 850 procedit
2487 766 2746 833 Tereus
2789 766 2948 848 (cfr.
2993 787 3090 834 vs.
3138 773 3253 850 2⁰3
3296 790 3396 839 vs.
3439 773 3559 851 543
3593 791 3706 835 νε.
3743 771 3890 853 92),

425 863 718 950 explicat
774 864 859 927 de
911 860 1417 929 Atheniensium
1456 866 1659 933 πυκνί
1698 863 1934 943 (Suev.
1978 886 2042 950 p.
2086 870 2162 931 21
2209 870 2363 949 sq.),
2424 886 2500 931 ea
2557 866 2968 952 potissimum
3028 888 3115 932 ex
3167 888 3393 951 causa,
3450 876 3523 934 ut
3571 874 3891 954 majorem

422 964 573 1031 veri
614 962 1113 1028 similitudinem
1155 962 1439 1028 habeant
1480 980 1646 1048 quae
1680 962 1856 1028 ‘dicit
1898 967 1999 1049 (p.
2028 967 2104 1032 18
2145 966 2213 1028 et
2254 968 2488 1049 p.22)=
2536 974 2657 1049 „ut
2698 969 2769 1032 in
2815 968 3156 1051 equitibus
3203 975 3338 1048 (vs.
3373 974 3490 1045 169
3532 971 3661 1056 sq.)
3705 972 3892 1036 botas

424 1064 601 1128 lario
644 1084 684 1129 a
724 1065 1172 1130 Demosthene
1213 1063 1600 1148 imperium,
1656 1064 1835 1147 quod
1894 1065 2248 1150 adepturus
2304 1072 2440 1148 est,
2499 1074 2932 1149 monstratur,
2991 1068 3302 1154 idemque
3354 1071 3427 1133 in
3483 1071 3779 1154 emporia
3819 1078 3890 1137 et

422 1186 595 1251 quae
629 1164 704 1229 in
746 1164 913 1230 m'ari
955 1164 1455 1249 conspiciuntur
1495 1183 1722 1244 naves,
1767 1163 1997 1229 oculos
2038 1165 2373 1248 conjicere
2407 1169 2699 1249 jubetur,
2743 1169 2843 1231 ita
2877 1168 3161 1252 Tereus,
3204 1177 3410 1235 totum
3442 1173 3623 1239 aeris
3664 1172 3888 1238 orbem

423 1265 927 1352 circumspicere
960 1270 1186 1350 jussus
1231 1286 1270 1330 a
1311 1265 1736 1331 Pisthetaero
1779 1265 1915 1345 (vs.
1962 1268 2079 1333 175
2121 1273 2272 1351 sq.),
2315 1286 2551 1333 revera
2593 1269 2851 1332 intuetu
2874 1288 2909 1331 r
2947 1268 3023 1331 in
3066 1288 3279 1347 mare3
3329 1277 3396 1335 et
3435 1269 3496 1336 si
3538 1292 3661 1357 pro
3703 1273 3886 1355 urbe,

421 1386 611 1451 quam
655 1366 728 1429 in
769 1386 956 1448 aere,
1002 1366 1074 1430 id
1116 1374 1219 1429 est
1258 1364 1332 1428 in
1375 1365 1575 1447 mari,
1618 1365 2027 1430 condendam
2067 1373 2360 1430 statuunt
2402 1386 2590 1450 aves,
2636 1366 3073 1452 inteiligimus
3116 1390 3319 1435 naves
3350 1391 3530 1435 mare
3569 1377 3884 1456 tegentes,

422 1465 583 1531 satis
638 1465 889 1531 clarum
944 1484 1021 1530 ac
1076 1465 1494 1529 manifestum
1556 1470 1687 1547 est,
1744 1464 1901 1551 quid
1959 1465 2236 1550 imagini
2294 1466 2541 1548 subsit,
2600 1466 2695 1531 ita
2748 1474 2823 1532 ut
2875 1470 3397 1537 accuratioriboe
3448 1470 3721 1538 indiciis
3761 1470 3887 1538 vix

420 1584 585 1651 epus
642 1565 803 1631 sit.“
896 1566 1041 1631 Hac
1093 1566 1578 1651 interpretandi
1637 1564 1895 1630 ratione
1954 1565 2280 1631 facillime
2336 1567 2557 1631 omnia
2611 1574 2887 1651 possunt
2944 1589 3030 1633 ex
3093 1571 3319 1636 verbis
3373 1577 3610 1658 poetae
3660 1579 3884 1637 exter-

421 1667 634 1751 queri,
681 1680 849 1750 quae
885 1665 975 1731 iis
1017 1663 1289 1733 minime
1330 1664 1574 1731 insunt.
1651 1665 1839 1728 Idem
1888 1665 2064 1730 valet
2104 1667 2189 1730 de
2223 1667 2578 1732 Suevernii
2621 1666 3071 1753 explicatione
3111 1672 3211 1754 (p.
3244 1670 3325 1738 77
3357 1673 3486 1757 sq.)
3529 1673 3882 1737 verborum

422 1767 523 1834 rw*
559 1767 846 1860 πτέρυγε
891 1766 1471 1847 ποῒναυστολεῖςς
1530 1765 1929 1846 (vs-1229).
2030 1766 2271 1833 Poetas
2325 1788 2793 1855 saepenumero
2849 1768 2987 1832 alas
3041 1788 3423 1856 comparare
3478 1792 3623 1836 cum
3679 1772 3880 1838 remis

419 1862 531 1930 vel
574 1866 780 1948 velis,
822 1876 1048 1932 notum
1092 1872 1194 1931 est
1235 1866 1392 1946 (cfr.
1438 1865 1635 1948 Virg.
1681 1864 1846 1930 Aen.
1876 1869 2088 1947 1,301.
2134 1866 2338 1930 volat
2357 1867 2480 1932 ille
2524 1887 2646 1952 per
2686 1886 2842 1933 aera
2882 1885 3200 1951 magnum
3229 1868 3536 1954 Remigio
3594 1872 3882 1950 alarum3

418 1966 653 2035 Aesch.
707 1967 930 2032 Prom.
988 1986 1081 2033 vs.
1126 1969 1278 2032 468:
1347 1965 1703 2058 λινόπτεροι
1766 1965 2088 2034 ναυτίλων
2145 1966 2505 2061 ὂχῆματας
2563 1968 2789 2052 Agam.
2840 1988 2938 2032 vs.
2982 1971 3098 2034 52·
3144 1966 3487 2061 πτερύγων
3519 1972 3881 2067 ἐρετμοῖσιν

421 2061 879 2162 ἐρεσσόμενοι).
977 2068 1065 2133 At
1107 2064 1508 2131 Suevernius
1552 2085 1640 2129 ex
1683 2065 1807 2129 hae
1844 2065 2133 2150 imagine
2172 2066 2546 2143 concludit,
2599 2067 2736 2133 alas
2779 2064 2989 2134 Iridis
3042 2089 3205 2134 vera
3255 2071 3637 2156 significare
3691 2074 3882 2142 navis

419 2167 698 2250 aiicujus
741 2168 886 2232 sive
925 2166 1077 2231 vela
1119 2166 1265 2231 sive
1305 2164 1616 2249 remigia,
1674 2178 1804 2251 quo
1861 2165 2059 2230 etiam
2101 2171 2398 2252 spectare
2440 2165 2850 2232 Pisthetaeri
2904 2168 3493 2256 interrogationem
3536 2192 3634 2241 vs
3678 2178 3877 2245 1293·

423 2264 637 2362 ὄνομα
698 2269 764 2336 δέ
818 2292 919 2336 σοι
967 2268 1035 2334 τί
1096 2265 1256 2343 ἐστι,
1315 2266 1553 2334 πλοῖον
1605 2263 1646 2357 ἢ
1693 2271 1891 2358 κυνῆς
1944 2272 2104 2358 κυνῆ
2152 2284 2316 2329 vero
2370 2286 2565 2348 quum
2627 2268 3255 2355 Peloponnesiacis,
3316 2269 3626 2357 inprimis
3678 2277 3879 2343 Am-

374 2413 390 2432 .
418 2367 614 2432 dibus
657 2375 723 2432 et
764 2364 1305 2431 Lacedaemoniis
1348 2364 1622 2450 propria
1662 2364 1900 2440 fuerit,
1961 2363 2326 2449 significari
2383 2385 2461 2429 ea
2512 2367 2792 2431 militem
2835 2368 3502 2455 Peloponnesiacum,
3559 2380 3754 2460 atque
3794 2394 3881 2444 ex

418 2467 545 2532 hac
586 2467 1050 2552 ambiguitate,
1108 2484 1273 2551 quae
1314 2464 1386 2527 in
1428 2464 1617 2531 Iride
1657 2470 1988 2545 cernatur,
2049 2466 2306 2552 planam
2360 2465 2511 2530 fieri
2567 2465 2756 2532 illam
2799 2467 3213 2534 Pisthetaeri
3271 2472 3879 2557 interrogationem.

417 2570 509 2635 At
547 2590 744 2652 quum
801 2567 1200 2653 respondeat
1241 2566 1410 2648 Iris,
1468 2586 1541 2631 se
1593 2585 1744 2631 esse
1799 2565 2053 2629 Iridem
2107 2567 2427 2649 celerem,
2482 2566 2609 2632 hoc
2661 2568 2917 2633 referre
2959 2567 3445 2635 Pisthetaerum
3492 2574 3575 2638 ad
3622 2594 3877 2659 navem,

415 2669 702 2754 ideoque
746 2688 891 2732 eum
933 2667 1034 2732 sic
1072 2685 1382 2752 pergere.
1427 2664 1740 2759 Πάραλος
1790 2665 1834 2758 ἢ
1878 2665 2298 2762 Σαλαμινίας
2348 2666 2502 2731 Jam
2534 2665 2748 2744 vides,
2791 2689 2921 2754 quo
2966 2670 3195 2732 tendat
3229 2669 3649 2741 Suevernius.
3739 2676 3878 2742 Iris

420 2775 523 2835 est
563 2767 754 2834 navis
797 2764 1475 2850 Peloponnesiorum,
1527 2783 1695 2880 quae
1746 2764 2119 2850 perruptis,
2173 2786 2341 2852 quae
2381 2767 2466 2830 ad
2509 2768 3043 2854 Peloponnesum
3083 2769 3437 2835 obsidione
3485 2774 3875 2861 cingendam

418 2868 784 2956 dispositae
827 2873 1010 2950 sunt,
1067 2865 1383 2940 navibus,
1441 2865 1673 2928 socios
1701 2865 2339 2952 Peloponnesiorum
2400 2873 2480 2931 et
2508 2867 2816 2933 civitates
2852 2867 3226 2935 foederatas
3284 2870 3712 2941 adhortatura
3752 2887 3875 2960 est,
3927 2898 3934 2903 ·

415 2980 489 3037 ut
546 2971 796 3035 tributa
848 2970 1076 3034 debita
1131 2954 1410 3048 solvant.
1504 2966 1639 3031 Sed
1681 2985 1721 3029 a
1761 2967 2040 3035 navibus
2094 2966 2382 3033 hostium
2429 2974 2806 3053 conspecta,
2851 2967 3051 3033 enixe
3090 2970 3492 3055 investigata
3534 2981 3667 3058 est,
3720 2976 3873 3041 dum

415 3074 598 3158 ipsas
652 3070 944 3135 Athenas
1005 3066 1333 3153 pervenit.
1391 3099 1467 3113 ——-
1526 3065 1987 3133 Pisthetaerus
2046 3088 2161 3132 cur
2217 3090 2340 3154 per
2391 3064 2614 3151 jocum
2674 3068 2974 3157 quamvis
3034 3069 3389 3154 frigidum,
3457 3078 3529 3138 ut
3589 3073 3875 3161 ingenue

414 3173 650 3248 fatear,
707 3169 894 3232 deam
951 3169 1195 3232 habere
1251 3166 1467 3253 possit
1520 3186 1643 3251 pro
1697 3166 1886 3244 navi,
1940 3167 2180 3253 liquet,
2237 3167 2299 3234 si
2341 3168 2540 3231 modo
2582 3187 2723 3233 eam
2778 3167 2944 3235 alis
2939 3175 3268 3252 tanquam
3311 3171 3482 3236 velis
3524 3174 3634 3239 vel
3675 3177 3874 3241 remis

419 3275 711 3337 ornatam
753 3271 963 3335 fuisse
1019 3269 1306 3352 cogites,
1365 3267 1803 3350 celeriterque
1845 3289 1966 3354 per
2008 3284 2219 3333 aerem
2263 3288 2564 3353 magnum
2607 3269 2889 3353 remigio
2950 3269 3197 3334 alarum
3253 3271 3536 3336 volasse.
3620 3275 3664 3367 ἦ*
3709 3283 3872 3369 κυνῆ

412 3392 578 3438 vero
622 3370 839 3452 addit,
883 3369 1176 3433 illudens
1215 3366 1601 3431 immensu-m
1644 3366 1855 3450 petasi
1894 3367 2285 3454 marginem,
2330 3388 2499 3452 quo,
2559 3366 2673 3454 qui
2732 3368 2945 3433 Iridis
3005 3388 3349 3455 personam
3406 3374 3649 3456 gessit,
3705 3375 3874 3443 insi·

412 3492 606 3559 gnem
648 3472 858 3536 fuisse
897 3467 1265 3535 verisimile
1308 3471 1428 3531 est.
1501 3466 1700 3544 Quod
1747 3473 1906 3560 κυνῆ
1950 3474 2387 3553 tegumentum
2445 3467 2683 3554 capitis
2735 3470 3028 3534 maxime
3079 3469 3423 3555 proprium
3480 3482 3624 3539 erat
3662 3470 3872 3544 La'ce—

414 3571 784 3636 daemoniis
827 3572 895 3633 et
935 3570 1206 3632 omnino
1248 3554 1799 3652 Peloponnesiis,
1858 3568 1939 3633 ab
1981 3568 2199 3654 iisque
2239 3569 2315 3631 in
2358 3569 2560 3641 bellis
2604 3569 3018 3652 potissimum
3072 3573 3479 3655 gestabatur,
3537 3574 3698 3640 inde
3737 3598 3870 3642 non

403 3677 547 3757 jam
615 3667 990 3735 necessario
1055 3669 1390 3785 cogimur,
1467 3677 1540 3733 ut
1594 3668 1679 3732 de
1746 3666 1959 3733 milite
2017 3667 2590 3753 Peloponnesiaco
2643 3671 3001 3756 cogitemus
3018 3716 3039 3752 ,
3111 3671 3637 3757 quandoquidem
3696 3679 3871 3763 apud

410 3771 667 3839 Atticos
709 3790 971 3854 quoque
1012 3769 1189 3833 idem
1232 3770 1303 3833 in
1347 3790 1468 3836 usu
1510 3775 1653 3833 erat
1695 3767 1854 3848 (cfr.
1898 3768 2051 3831 nub.
2094 3772 2215 3837 268
2228 3771 2277 3849 ),
2320 3790 2536 3853 neque
2591 3770 2998 3836 solummodo
3040 3770 3451 3835 inserviebat
3500 3777 3650 3841 usui
3691 3777 3869 3842 mili·-

407 3875 565 3955 tari,
607 3871 725 3935 sed
766 3869 1028 3957 saepius
1069 3869 1392 3934 imbribus
1435 3870 1543 3934 vel
1587 3869 1749 3935 solis
1791 3867 2005 3932 radiis
2047 3869 2356 3934 arcendis
2401 3888 2440 3932 a
2481 3870 2673 3947 facie,
2717 3892 2908 3957 quam
2951 3871 3037 3934 ob
3078 3889 3336 3936 causam
3374 3872 3457 3935 ab
3487 3873 3671 3939 Iride
3712 3896 3869 3962 quo-

413 3992 539 4057 que
583 3974 895 4056 gestatur.
937 4009 1019 4021 —
1059 3969 1369 4050 Accedit,
1427 3970 1602 4054 quod
1657 3986 1741 4033 ne·
1780 3965 1925 4053 ipse
1967 3968 2229 4053 quidem
2273 3968 2769 4050 PisthetaeruS,
2827 3970 2926 4034 uti
2982 3990 3069 4034 ex
3109 3971 3534 4055 sequentibus
3572 3984 3865 4062 apparet,

411 4071 496 4134 de
551 4069 709 4137 navi
751 4068 1322 4155 Peloponnesiaca
1375 4065 1725 4152 cogitavit3
1790 4088 1986 4154 quam
2038 4070 2098 4134 si
2152 4068 2632 4154 Aristophanes
2687 4069 3068 4155 significare
3120 4070 3482 4155 voluisset,
3549 4075 3670 4143 vix
3722 4096 3865 4142 eam

411 4178 831 4256 quaerentem
888 4170 1188 4235 fecisset:
1231 4168 1546 4262 Πάραλος
1595 4170 1639 4261 ἧ
1684 4170 2108 4265 Σαλαμινίας
2174 4169 2386 4247 Quam
2443 4168 3028 4254 interrogationem
3087 4168 3485 4255 simpliciter
3541 4176 3864 4263 equidem,

408 4272 547 4336 nisi
587 4272 762 4336 forte
797 4270 1311 4355 Aristophanem>
1351 4267 1449 4331 nil
1489 4269 1629 4334 nisi
1661 4273 1853 4350 jocos
1897 4273 1964 4331 et
2004 4268 2276 4336 facetias
2316 4274 2751 4335 consectatum
2797 4290 2946 4335 csse
2985 4268 3221 4346 mavis,
3270 4268 3366 4335 ita
3408 4273 3863 4359 explicandam

410 4393 558 4437 esse
617 4374 933 4437 arbitror:
990 4392 1144 4435 num
1205 4370 1534 4436 advenisti
1593 4370 1677 4433 ad
1733 4367 2067 4451 mandata⁴
2095 4370 2360 4456 publica
2401 4368 2884 4453 exsequenda?-
2915 4391 3070 4433 num
3111 4368 3313 4436 missa
3353 4391 3425 4434 es
3468 4372 3552 4435 ad
3591 4373 3865 4442 deorum

412 4473 717 4538 mandata
772 4464 1236 4559 exsequenda?
1292 4475 1546 4553 sumpta
1601 4469 1895 4554 imagine
1951 4469 2034 4532 ab
2095 4470 2326 4535 har-um
2391 4469 2654 4533 navium
2720 4490 2839 4534 usu
2904 4475 2971 4533 et
3028 4468 3272 4535 officio.
3381 4469 3611 4556 Neque
3668 4476 3864 4545 valde

410 4591 709 4658 repugno
766 4571 1064 4637 Timmio
1129 4569 1518 4655 conjicienti
1576 4568 1677 4654 (p.
1722 4568 2065 4650 52-53),
2138 4568 2541 4635 Salaminiae
2598 4569 2821 4645 navis,
2891 4589 3056 4655 quae
3107 4569 3469 4656 improviso
3526 4591 3865 4660 emergens

411 4672 909 4761 expeditionem
952 4673 1374 4739 Siciliensem
1417 4670 1699 4755 quodam
1743 4671 1939 4736 modo
1981 4671 2385 4748 turbaverit,
2440 4670 2696 4735 idcirco
2750 4669 2875 4734 hoc
2923 4668 3072 4734 loco
3115 4670 3513 4735 mentionem
3554 4672 3738 4759 fieri,
3796 4684 3868 4742 ut

411 4795 552 4840 rem
595 4773 882 4860 aliquam
927 4773 1265 4839 adversam
1307 4772 1560 4859 incepti
1599 4792 1979 4856 processum
2024 4774 2289 4839 turbare
2332 4792 2408 4838 ac
2447 4770 2692 4837 morari
2735 4771 3164 4858 significetur.
3206 4810 3285 4824 -

573 4875 761 4939 Iride
802 4876 1016 4938 amota
1056 4872 1234 4936 redit
1275 4873 1544 4939 nuntius
1587 4871 1671 4935 ad
1710 4872 2013 4938 homines
2055 4872 2406 4954 demissus,
2450 4872 2577 4937 hoc
2617 4872 3025 4949 renuntians,
3067 4870 3371 4935 homines
3410 4870 3865 4944 lubentissime

411 4974 685 5059 obsequi
754 4972 970 5038 avium
1038 4973 1355 5058 imperio,
1391 5000 1394 5009 ·
1424 4971 1665 5059 quique
1735 4978 1888 5038 ante
1953 4973 2641 5059 Nephelococcygiam
2699 4972 3030 5039 conditam
3098 4970 3577 5039 Laconicorum
3647 4997 3863 5044 mores

409 5072 653 5139 imitati
709 5078 957 5158 essent,
1028 5077 1274 5137 mutata
1323 5092 1596 5157 prorsus
1649 5074 1990 5140 voluntate
2045 5074 2262 5142 avium
2316 5090 2541 5139 omnes
2582 5071 2866 5160 flagrare
2908 5071 3450 5140 consuetudinum
3509 5096 3730 5143 amore
3784 5096 3862 5144 ac
