4225 5834
458 569 566 633 Ita
604 566 749 632 fere
786 562 1083 653 Kochly.
1177 565 1327 631 Jam
1371 565 1569 650 paulo
1608 567 1976 631 accuratius
2016 565 2427 652 inquiramus
2469 564 2541 628 in
2586 583 2693 642 ea,
2747 583 2912 650 quae
2955 565 3172 652 primo
3213 564 3358 631 loco
3400 564 3768 653 disputavit

298 663 409 734 vir
448 669 681 735 doctus
722 669 807 732 de
849 668 1213 732 fabularum
1246 665 1707 751 Aristophanis
1747 666 1974 731 indole
2015 687 2092 732 ac
2132 673 2386 731 natura.
2471 664 2646 742 Quis
2687 666 2979 748 tandem,
3021 687 3296 753 quaeso,
3330 688 3411 732 eo
3449 667 3764 734 audaciae

296 768 646 854 procedet,
700 774 775 832 ut
827 768 1209 848 contendat,
1264 767 1570 853 quoniam
1623 771 1881 831 ceterae
1919 786 2146 832 omnes
2187 766 2449 834 fabulae
2489 772 2732 830 certam
2779 766 3063 852 aliquam
3105 765 3282 831 viam
3325 787 3401 832 ac
3441 769 3766 834 rationem

297 861 679 954 sequuntur,
736 868 1005 932 eandem
1050 868 1248 931 etiam
1290 868 1367 930 in
1409 885 1564 930 aves
1606 866 1853 930 debere
1894 866 2176 932 cadere?
2231 866 2401 929 hanc
2456 866 2743 932 fabulam
2797 867 2883 930 ab
2925 866 3195 950 ordine,
3249 866 3570 949 consilio,
3626 867 3764 934 fine

299 963 703 1053 reliquarum
745 973 1224 1049 transversum,
1276 976 1348 1031 ut
1402 966 1665 1045 dicunt,
1724 966 2003 1050 digitum
2044 986 2178 1028 non
2223 966 2429 1031 licere
2472 965 2860 1031 discedere?
2941 965 3111 1030 Num
3157 972 3436 1031 mentem
3477 967 3762 1032 solutam

286 1088 376 1134 -ac
416 1068 692 1132 liberam
736 1073 992 1154 poetae,
1039 1088 1252 1151 quem,
1296 1087 1427 1150 qua
1467 1066 1600 1132 fuit
1637 1065 1897 1151 ingenii
1938 1064 2243 1132 sollertia
2283 1086 2360 1129 ac
2400 1065 2747 1147 varietate,
2792 1062 3041 1150 poteris
3084 1066 3388 1131 conferre
3429 1088 3573 1131 cum
3594 1066 3764 1131 Pro-

298 1174 448 1249 teo,
507 1173 635 1231 tam
679 1168 881 1233 arctis
906 1183 1227 1233 ‘coercere
1269 1166 1430 1232 licet
1468 1165 1792 1246 vinculis,
1857 1173 1929 1230 ut
1983 1186 2209 1232 omnes
2263 1166 2555 1248 fabulas,
2613 1187 2699 1230 ne
2751 1166 2844 1231 iis
2898 1165 3160 1252 quidem
3213 1167 3543 1254 exceptis,
3603 1187 3764 1254 quas
3841 1198 3849 1203 ·

299 1268 703 1352 temporibus
747 1266 1124 1362 deperditas
1168 1265 1483 1347 dolemus,
1529 1266 1613 1329 ad
1658 1267 1931 1330 eandem
1973 1286 2265 1331 normam
2310 1273 2377 1330 et
2416 1266 2714 1350 regulam
2739 1281 2904 1330 ‘eum
2946 1266 3277 1333 direxisse
3318 1273 3529 1352 putes,
3571 1287 3612 1332 a
3638 1288 3767 1354 qua

301 1385 628 1452 nunquam
686 1365 1113 1432 discesserit?
1193 1365 1366 1433 Num
1423 1374 1639 1431 certos
1690 1373 1922 1450 poetae
1963 1365 2319 1431 constitues
2362 1365 2528 1432 fines
2572 1389 2648 1432 ac
2688 1366 3038 1448 terminos,
3097 1374 3287 1433 extra
3330 1363 3495 1452 quos
3538 1367 3765 1454 egredi

246 1501 248 1505 >
302 1487 437 1530 non
479 1467 720 1531 liceat?
760 1467 928 1531 Jam.
952 1487 1113 1530 vero
1155 1487 1371 1530 nonne
1414 1464 1598 1552 ipsae
1642 1465 1896 1552 aliquot
1935 1466 2197 1531 fabulae
2240 1468 2403 1532 satis
2445 1466 2807 1548 declarant,
2852 1467 3046 1553 paulo
3085 1468 3398 1534 audacius
3430 1469 3767 1552 judicasse

302 1567 522 1630 virum
580 1567 886 1631 doctum?
966 1566 1164 1642 Quod
1222 1565 1441 1631 statim
1492 1564 1725 1631 videre
1777 1566 1941 1631 licet
1994 1587 2078 1630 ex
2123 1565 2961 1653 Thesmophoriazusarum
3017 1567 3274 1648 fabula,
3329 1572 3517 1651 cujus
3569 1568 3767 1652 longe

305 1664 501 1730 aliam
558 1685 706 1731 esse
761 1666 1079 1731 rationem
1136 1687 1328 1750 qnam
1388 1664 1811 1749 plurimarum
1866 1672 2228 1731 ceterarum
2273 1667 2741 1753 Aristophanis
2798 1668 3320 1750 comoediarum,
3378 1668 3486 1733 vir
3537 1668 3767 1736 doetus

306 1765 506 1829 facile
564 1756 912 1843 concedet}
966 1783 1114 1830 nam
1175 1765 1296 1830 vix
1348 1786 1490 1829 eum
1534 1766 1733 1830 credo
1775 1786 1917 1833 esse
1959 1765 2320 1847 dicturum,
2381 1775 2638 1851 poetam
2695 1766 2883 1850 sequi
2941 1788 3163 1832 eorum
3225 1773 3483 1853 partes,
3541 1766 3656 1853 qui
3693 1767 3766 1831 in

305 1865 432 1930 hac
483 1866 702 1931 fabula
754 1887 1069 1953 personas
1127 1864 1477 1949 primarias
1518 1877 1774 1950 gerunt.
1873 1866 2023 1930 Jam
2068 1888 2230 1932 vero
2272 1866 2874 1933 Ecclesiazusarum
2919 1867 3083 1949 fine,
3141 1867 3400 1932 etiamsi
3462 1870 3767 1953 proxime

311 1965 562 2029 accedit
613 1965 773 2030 haec
826 1967 1050 2030 fabula
1107 1965 1524 2056 adxmediam
1581 1986 1772 2051 quam
1825 1965 2053 2029 dicunt
2093 1966 2538 2048 comoediam,
2594 1987 2810 2029 nonne
2855 1970 3005 2029 ante
3045 1965 3275 2032 oculos
3317 1966 3601 2055 positum
3643 1973 3766 2049 est,

306 2084 497 2150 quam
540 2083 708 2129 vana
751 2075 817 2131 et
858 2066 1073 2131 futilis
1115 2065 1205 2131 sit
1234 2066 1587 2142 ,mulierum
1632 2050 2023 2147 dominatio,
2080 2065 2362 2149 perinde
2418 2088 2493 2130 ac
2547 2066 2697 2151 ipso
2751 2065 2968 2130 avium
3021 2066 3158 2130 fine
3211 2067 3501 2133 inanitas
3540 2064 3642 2131 rei
3684 2067 3770 2130 ab

308 2166 540 2230 avibus
594 2171 931 2250 susceptae
983 2166 1182 2252 plana
1235 2165 1351 2230 fit?
1435 2166 1619 2241 Quid
1672 2165 1932 2230 tandem
1989 2185 2154 2251 opus
2212 2173 2313 2230 est
2367 2164 2505 2230 viri
2567 2165 2748 2242 docti
2806 2166 3194 2232 fulminibus
3256 2167 3765 2252 tonitribusque,

306 2264 548 2348 quibus
590 2266 986 2331 edoceantur
1025 2286 1220 2345 aveS,
1280 2285 1470 2349 quam
1515 2264 1779 2345 inaneS,
1838 2285 2025 2350 quam
2070 2265 2301 2330 futiles
2343 2265 2482 2330 sint
2524 2286 2747 2330 eorum
2807 2275 3112 2349 conatuS,
3169 2268 3327 2332 deos
3370 2286 3576 2350 regno
3618 2284 3771 2350 spo·-

312 2362 525 2427 liandi
571 2385 773 2448 seque
815 2365 995 2450 ipsas
1038 2365 1480 2430 substituendi
1524 2364 1595 2427 in
1640 2384 1864 2429 eorum
1908 2364 2163 2428 locum?
2224 2365 2308 2430 Id
2351 2373 2453 2431 est
2492 2366 2789 2431 funditus
2832 2367 3074 2431 tollere
3114 2368 3247 2432 vim
3294 2366 3644 2451 poeticam!
3689 2403 3772 2420 ·-·-

313 2462 511 2537 Quod
553 2465 793 2529 attinet
833 2465 916 2529 ad
961 2461 1472 2530 Pisthetaeri'et
1514 2464 1866 2549 Euelpidis
1926 2462 2258 2548 ingenium
2318 2474 2510 2551 atque
2564 2487 2817 2546 mores,
2860 2465 3058 2531 facile
3100 2467 3423 2545 concedo,
3483 2484 3595 2530 eos
3633 2483 3773 2529 non

314 2583 459 2627 esse
502 2562 597 2628 ita
639 2565 1148 2646 contaminatos,
1205 2564 1301 2628 ita
1342 2565 1675 2652 perditoS‚
1728 2563 1825 2629 ita
1864 2562 2265 2648 flagitiosos,
2323 2565 2549 2651 quales
2593 2588 2632 2629 a
2674 2566 3026 2632 nonnullis*
3053 2566 3225 2631 viris
3267 2564 3479 2629 doctis
3522 2562 3772 2631 descri-

315 2661 591 2746 buntur,
648 2665 831 2728 nulla
871 2685 1030 2729 vero
1074 2672 1339 2754 exstant
1392 2675 1574 2729 certa
1624 2685 1700 2727 ac
1754 2663 1942 2727 firma
1983 2663 2054 2727 in
2098 2665 2333 2730 avibus
2377 2667 2800 2747 documenta,
2856 2685 3021 2752 quae
3063 2685 3185 2728 nos
3225 2670 3493 2752 cogant,
3546 2668 3621 2728 nt
3659 2683 3773 2730 eos

316 2771 384 2825 et
423 2763 770 2850 praecipue
809 2763 1295 2830 Pisthetaerum
1338 2764 1411 2827 in
1451 2785 1787 2828 numerum
1832 2764 2194 2830 referamus
2238 2784 2497 2845 eorum,
2542 2767 2656 2849 qui
2699 2765 2869 2831 sicut
2901 2764 3351 2850 Dicaeopolis,
3395 2764 3771 2851 Trygaeua

318 2857 765 2948 Strepsiades‚
824 2865 1221 2929 Philocleon
1277 2865 1709 2950 Aristophani
1771 2872 1923 2938 sunt
1982 2866 2285 2949 exempla
2343 2864 2782 2950 antiquitatis.
2900 2864 3241 2931 Revoca-re
3297 2865 3498 2930 liceat
3554 2864 3772 2934 virum

316 2959 595 3027 doctum*
621 2965 702 3028 ad
747 2985 858 3044 ea,
888 2985 1053 3049 quae
1074 2964 1218 3049 ipse
1247 2963 1514 3027 uberius
1547 2965 1629 3026 de
1663 2985 1884 3028 eorum
1917 2965 2209 3029 moribus
2254 2972 2447 3050 atque
2490 2964 2761 3049 ingenio
2805 2965 3113 3030 disserui.
3216 2964 3413 3042 Quod
3456 2984 3771 3052 summum

319 3070 388 3128 et
429 3064 778 3129 maximnm
821 3057 942 3141 est,
985 3065 1174 3132 vides
1216 3087 1361 3130 eum
1405 3067 1509 3131 sui
1552 3064 1960 3151 potissimum
2005 3067 2328 3129 commodi
2373 3066 2632 3129 ratione
2676 3065 2871 3128 ducta
2912 3077 2978 3132 et
3018 3066 3327 3129 affectare
3370 3070 3438 3128 et
3471 3063 3775 3134 obtinere

321 3164 771 3247 tyrannidem„
847 3167 1035 3229 Eane
1075 3167 1156 3228 ab
1198 3163 1635 3248 Aristophane
1678 3165 2048 3249 praedicari
2090 3185 2168 3228 ac
2208 3166 2644 3230 commendari
2690 3166 2976 3249 putanda
3011 3165 3154 3230 est?
3211 3164 3381 3229 Num
3424 3163 3497 3229 in
3538 3161 3776 3228 ceteris

321 3264 567 3338 fabulis
596 3265 853 3350 aliquot
883 3266 1008 3329 etsi
1039 3268 1265 3350 parvis
1298 3267 1554 3330 indicat
1583 3273 1775 3351 poeta
1812 3265 2107 3341 indiciis,
2150 3288 2223 3332 se
2267 3265 2460 3330 nnius
2502 3263 3017 3329 dominationem
3058 3284 3292 3347 cupere
3333 3285 3411 3328 ac
3451 3262 3775 3350 probare?

321 3365 786 3451 Aristophanis
829 3366 1166 3431 comoedia
1209 3388 1402 3452 quum
1445 3373 1584 3432 tota
1626 3372 2004 3432 versaretur
2043 3365 2118 3428 in
2159 3368 2356 3431 rebus
2395 3365 2719 3450 publiciS‚
2763 3365 3001 3429 mirum
3048 3372 3255 3446 esset,
3313 3365 3449 3430 nisi
3491 3362 3648 3449 quid
3685 3362 3777 3425 -de

323 3464 409 3531 iis
451 3466 768 3531 sensisset
809 3475 1033 3550 poeta,
1078 3466 1238 3552 quid
1280 3466 1497 3530 animo
1539 3464 2008 3552 proposuisset,
2051 3452 2242 3551 quod⁴
2269 3464 2614 3530 consilium
2659 3472 2833 3531 esset
2874 3473 3131 3532 secutus
3172 3463 3243 3528 in
3285 3461 3790 3530 conseribendis

321 3564 600 3646 fabulis,
658 3566 756 3629 ita
812 3573 883 3630 ut
937 3567 1020 3630 ad
1072 3566 1417 3632 veritatem
1477 3565 1781 3652 proxime
1839 3566 2211 3642 accederet,
2269 3587 2355 3629 ex
2406 3565 2497 3631 iis
2553 3587 2783 3652 posses
2825 3565 3242 3631 concludere.
3325 3565 3542 3647 Atque
3583 3584 3775 3648 quum

325 3668 471 3751 ipse
511 3666 625 3730 vir
663 3666 895 3731 doctus
938 3665 1148 3747 dicat,
1209 3685 1353 3729 eum
1398 3665 1661 3730 stetisse
1703 3667 1784 3731 ab
1827 3686 2046 3747 eorum
2091 3685 2317 3741 causa,
2374 3666 2492 3751 qui
2548 3666 3005 3750 antiquitatem
3059 3662 3423 3729 extulerint
3475 3668 3543 3728 et
3582 3662 3779 3728 redu·

325 3787 474 3833 cere
518 3765 926 3851 optaverint,
972 3766 1209 3851 quibus
1254 3786 1341 3829 ex
1376 3764 1820 3852 Aristophane
1860 3766 2020 3831 satis
2061 3766 2391 3849 cognitum
2435 3765 2747 3831 habemns
2790 3772 3066 3829 aetatem
3107 3761 3596 3829 Marathoniam
3638 3780 3779 3830 eam

327 3865 568 3948 fuisse,
611 3886 775 3950 quae
818 3885 1043 3931 omnes
1086 3867 1455 3931 contineret
1496 3863 1922 3951 perfectionis
1964 3886 2304 3941 numeros,
2349 3865 2493 3951 ipse
2525 3864 2879 3949 judicavit,
2923 3872 3057 3929 tum
3099 3869 3377 3927 aetatem
3408 3862 3780 3928 Pericleam

326 3988 459 4030 non
502 3967 840 4030 obversari
899 3972 1128 4051 poetae
1180 3966 1384 4031 menti
1440 3966 1746 4049 tanquam
1790 3966 2091 4031 omnibus
2134 3967 2274 4031 suis
2314 3966 2604 4032 numeris
2648 3966 2973 4050 expletam
3017 3965 3499 4053 perfectamque
3537 4002 3620 4028 .-
3661 3984 3784 4028 nec

327 4065 531 4131 ullum
576 4066 786 4130 locum
833 4067 1131 4152 proferre
1176 4065 1419 4152 poterit
1458 4068 1568 4131 vir
1611 4067 1839 4133 doctus
1883 4088 1970 4132 ex
2010 4066 2450 4153 Aristophane
2491 4068 2578 4130 ad
2619 4065 3011 4131 sententiam
3054 4085 3234 4131 suam
3274 4063 3780 4131 confirmandam

328 4174 411 4215 -42
462 4171 598 4230 tum
659 4168 739 4230 ab
799 4166 979 4230 omni
1037 4165 1183 4231 veri
1241 4166 1680 4231 similitudine
1737 4168 2090 4233 abhorrere
2145 4166 2568 4254 tyrannidem
2628 4168 3138 4231 commendatam
3200 4171 3269 4229 et
3320 4161 3779 4249 praedicatam.

330 4266 424 4331 Et
465 4287 658 4349 quum
700 4266 986 4330 irrideat
1027 4274 1216 4351 poeta
1259 4274 1327 4332 et
1367 4267 1532 4331 alibi
1574 4273 1642 4331 et
1680 4266 1752 4330 in
1797 4267 2026 4333 avibus
2053 4267 2556 4332 Atheniensium
2603 4274 2842 4332 metum
2885 4263 3263 4350 tyrannidis
3303 4284 3542 4329 vanum
3583 4264 3782 4328 istum

332 4385 409 4428 ac
449 4363 743 4449 inanem,
802 4389 930 4453 quo
973 4368 1211 4432 factum
1256 4373 1391 4449 est,
1455 4376 1524 4432 ut
1564 4366 1866 4431 homines
1907 4369 2152 4454 optime
2195 4367 2280 4432 de
2323 4367 2662 4453 republica
2704 4368 2978 4433 meritos
3019 4364 3593 4431 vehementissime
3647 4362 3786 4428 sint

332 4468 724 4546 consectati,
767 4478 838 4533 ut
876 4469 1362 4549 dissensioneS,
1408 4466 1802 4551 seditiones,
1849 4470 2160 4534 tumultus
2202 4462 2617 4549 exstiterint,
2661 4473 2734 4530 ut
2775 4468 2848 4530 in
2892 4486 3206 4531 summum
3250 4464 3607 4530 discrimen
3649 4483 3786 4529 res·

324 4568 599 4656 publica
639 4575 869 4634 vocata
910 4570 1034 4652 sit,
1090 4569 1252 4655 quid
1307 4569 1491 4633 aliud
1542 4568 1701 4634 inde
1744 4569 2058 4656 colligere
2099 4568 2333 4633 licebit
2372 4589 2564 4653 quam
2607 4566 3000 4654 gravissime
3044 4566 3271 4630 dolere
3312 4569 3570 4648 poetam
3609 4563 3786 4627 hunc

333 4679 574 4736 metum
619 4673 691 4734 ut
728 4669 972 4734 fontem
1004 4672 1436 4737 maximorum
1480 4671 1842 4735 malorum?
1886 4669 2144 4747 Quodsi
2186 4670 2335 4756 quis
2375 4668 2765 4733 concederet
2806 4667 2956 4730 viro
2997 4667 3216 4746 docto,
3259 4663 3785 4749 Aristophanem,

334 4792 528 4857 quum
568 4769 813 4835 illudat
849 4768 1025 4835 hunc
1065 4772 1399 4853 timorem,
1444 4772 1709 4835 studere
1750 4771 1876 4852 iis,
1920 4790 2084 4854 quos
2125 4767 2393 4837 insanus
2435 4767 2651 4855 plebis
2692 4787 2898 4851 pavor
2940 4761 3402 4851 exagitaverit,
3444 4782 3789 4850 oppresse-

336 4871 463 4950 rit,
520 4893 556 4935 e
598 4870 814 4957 patria
867 4869 1169 4955 ejecerit,
1226 4869 1553 4958 imprimis
1596 4870 1967 4952 Alcibiadi,
2026 4890 2244 4935 nonne
2299 4867 2609 4936 audacius
2660 4867 2836 4933 idem
2891 4866 3345 4939 concluderet,
3400 4870 3660 4948 poetam
3701 4884 3789 4934 ex

339 4969 445 5033 his
488 4992 718 5054 unum,
775 4972 1057 5037 fortasse
1108 4972 1324 5054 ipsum
1368 4972 1819 5053 Alcibiadem,
1877 4991 2259 5060 quamquam
2316 4969 2515 5035 anxie
2571 4966 2794 5034 omnia
2849 4964 3200 5041 vitaverit,
3255 4982 3420 5050 quae
3475 4963 3789 5029 adhunc
