4225 5834
1671 333 2434 423 ...Μή

480 545 633 610 Jam
677 541 842 625 erit,
900 545 1088 625 cujus
1128 539 1521 607 sententiam
1562 539 1979 608 aestimemus
2019 561 2097 606 ac
2138 550 2466 625 momento
2507 566 2627 612 suo
2669 549 3139 638 ponderemus,
3194 555 3618 642 Kerstius,*.)
3667 564 3788 649 qui

324 643 588 730 quidem
648 644 724 707 in
782 665 862 708 eo
920 641 1139 708 statim
1181 641 1454 706 videtur
1495 641 1836 706 aberrasse
1878 662 1918 706 a
1959 650 2138 708 recta
2176 646 2328 724 via,
2386 653 2452 711 et
2495 651 2878 735 quominus,
2938 656 3117 738 quod
3158 677 3385 723 verum
3425 660 3647 727 avium
3689 674 3792 732 αι

324 743 697 826 consilium,
739 742 1093 819 inveniret,
1138 762 1284 806 esse
1327 742 1724 825 impeditus,
1777 742 1974 825 quod,
2017 763 2404 828 quamquam
2447 750 2755 815 concedit
2782 752 3156 821 universam
3196 759 3490 841 cujusvis
3524 762 3790 832 fabulae

321 842 789 930 Aristophanis
831 843 1222 910 sententiam
1258 861 1344 907 ex
1374 842 1543 928 ipsis
1575 843 1978 927 temporibus
2021 858 2323 930 tanquam
2369 845 2559 912 fonte
2600 870 2957 936 emanasse,
3001 862 3069 921 et
3111 870 3365 943 poetae,
3409 864 3789 930 universum

321 942 578 1029 aliquid
620 943 1067 1027 componenti,
1111 962 1371 1025 semper
1404 943 1819 1008 obversatum
1862 963 2006 1007 esse
2049 943 2390 1029 singulare
2432 948 2793 1033 quoddam,
2839 974 2925 1018 ex
2967 960 3153 1039 cnjus
3194 958 3565 1029 imitatione
3616 965 3788 1031 illud

323 1051 585 1111 enatum
626 1042 716 1108 sit
758 1044 1038 1123 (Kerst:
1082 1065 1146 1126 p.
1198 1046 1273 1106 12
1295 1076 1368 1088 —
1391 1042 1538 1121 13),
1595 1043 1879 1126 primum
1939 1048 2125 1129 putat
2175 1045 2710 1130 investigandam
2765 1073 2911 1119 esse
2951 1059 3344 1125 sententiam
3388 1065 3784 1148 nniversam,

321 1142 569 1208 deinde
623 1164 788 1229 quae
845 1142 1288 1229 respondeant
1342 1139 1410 1204 ei
1467 1141 1538 1203 in
1596 1139 1807 1226 ipsius
1851 1141 2167 1228 temporis
2191 1143 2605 1214 rationibus.
2693 1152 2877 1216 Haec
2921 1158 3286 1243 sententia,
3329 1173 3792 1251 praeterquam

324 1245 502 1327 quod
542 1244 677 1309 sibi
720 1253 948 1329 aperte
991 1247 1350 1327 repugnat,
1410 1237 1683 1305 minime
1740 1240 2052 1308 convenit
2090 1241 2329 1308 indoli
2387 1266 2461 1310 ac
2501 1257 2780 1317 naturae
2821 1256 3202 1323 comoediae
3241 1261 3785 1350 Aristopb‘aneae,

323 1364 515 1430 quam
566 1363 769 1427 supra
822 1342 1188 1408 accuratius
1245 1340 1692 1425 exposuimus.
1807 1340 1959 1406 Hoc
2011 1361 2174 1408 vero
2229 1362 2375 1407 esse
2397 1347 2770 1415 ⁴consilinm
2814 1353 3065 1420 avium:
3136 1358 3517 1440 „Ostendit
3569 1373 3785 1452 poeta,

326 1444 656 1526 quomodo
698 1443 932 1521 homo,
989 1442 1105 1525 qui
1147 1461 1298 1505 suas
1340 1446 1591 1504 tantum
1650 1460 1754 1507 res
1809 1449 2026 1523 curet,
2083 1441 2533 1511 obedientiam
2576 1453 2644 1514 et
2684 1455 3117 1521 reverentiam
3141 1504 3146 1509 -
3174 1458 3464 1526 debitam
3509 1463 3789 1550 legibus,

324 1541 687 1622 institutis,
734 1540 1025 1605 moribus
1068 1541 1408 1606 societatis
1449 1540 1717 1623 generis
1760 1538 2025 1609 humani
2074 1549 2311 1624 exuat,
2355 1564 2670 1633 suamque
2713 1550 2923 1639 ipsius
2956 1555 3360 1624 voluntatem
3403 1562 3478 1627 in
3518 1564 3788 1631 illorum

324 1644 536 1711 locum
593 1638 962 1728 supponere
1017 1644 1310 1723 studeat,
1369 1642 1463 1706 ita
1507 1642 1801 1727 quidem,
1864 1648 1934 1707 ut
1973 1642 2255 1708 liberum
2300 1666 2374 1710 se
2432 1647 2653 1715 facere
2705 1654 2934 1738 cupiat
2983 1677 3024 1718 a
3072 1658 3275 1742 spatii
3318 1661 3680 1748 exiguitate
3722 1674 3791 1734 et

325 1742 667 1828 angustiis.
740 1743 884 1807 Hae
927 1742 1102 1806 enim
1144 1741 1347 1827 spatii
1390 1743 1769 1827 angustiae,
1814 1763 1901 1805 ex
1942 1764 2215 1828 quarum
2257 1752 2419 1809 nutu
2464 1748 2652 1831 quasi
2695 1755 2970 1836 pendet,
3013 1756 3136 1821 tali
3177 1757 3435 1826 homini
3477 1764 3791 1833 videntur

323 1862 523 1910 verae
564 1843 898 1908 libertatis
941 1852 1249 1927 tanquam
1293 1861 1629 1920 carceres3
1684 1846 1902 1929 spatio
1956 1847 2130 1910 enim
2189 1868 2261 1911 se
2314 1852 2606 1917 coerceri
2662 1861 2850 1939 putat
2904 1863 2972 1921 et
3023 1858 3375 1946 impediri,
3442 1869 3788 1952 quominus

328 1965 368 2010 a
409 1945 589 2010 vitae
629 1944 949 2007 humanae
990 1943 1488 2008 conditionibus
1530 1963 1603 2008 se
1642 1945 1858 2029 possit
1913 1946 2267 2032 expedire,
2324 1970 2406 2013 eo
2459 1971 2619 2016 vero
2674 1963 2983 2039 superato
3040 1965 3109 2024 et
3162 1963 3495 2068 perfracto
3539 1987 3613 2033 se
3653 1992 3786 2041 non

327 2049 513 2133 cogi,
555 2054 627 2111 ut
665 2046 1003 2113 societatis
1046 2044 1273 2110 civilis
1315 2046 1575 2128 legibus
1616 2046 1918 2123 obediat,
1972 2047 2361 2135 impunitum
2408 2049 2563 2115 illas
2603 2074 2679 2118 se
2721 2075 2917 2140 posse
2957 2058 3251 2144 violare,
3309 2065 3551 2152 quippe
3585 2090 3789 2154 quum

325 2147 612 2213 volando
670 2165 914 2232 poenas
978 2145 1113 2208 sibi
1174 2144 1597 2209 imminentes
1655 2154 1852 2231 queat
1910 2149 2236 2234 effugere,
2305 2150 2589 2217 liberum
2645 2175 2719 2219 se
2780 2156 2933 2221 fieri
2987 2159 3226 2246 suique
3270 2165 3487 2248 juris,
3560 2178 3626 2232 et
3679 2192 3786 2236 ce...

325 2253 653 2328 terornm,
707 2245 821 2330 qui
878 2244 1077 2329 spatii
1134 2243 1447 2311 cancellis
1503 2244 1983 2332 circumscripti
2037 2249 2208 2330 sint,
2268 2249 2621 2317 dominum.
2711 2255 2816 2318 -Ut
2861 2265 3075 2323 autem
3132 2279 3173 2323 a
3213 2264 3412 2348 spatii
3470 2271 3788 2338 cancellis

325 2344 611 2411 liberum
653 2365 725 2409 se
770 2343 1048 2409 reddere
1084 2344 1330 2430 possit,
1375 2345 1557 2429 cupit
1598 2345 1772 2426 alas,
1812 2365 1981 2430 quae
2019 2346 2083 2412 ei
2111 2355 2263 2411 sunt
2292 2349 2511 2434 imago
2539 2350 2935 2421 libertatis“
2977 2357 3255 2433 <Kerst=
3299 2385 3364 2449 p.
3396 2370 3473 2432 14
3499 2372 3667 2454 .sq.)‚
3707 2410 3788 2424 ...-

325 2446 498 2528 Fac,
559 2445 766 2510 fuisse
840 2444 1220 2508 istiusmodi
1290 2444 1591 2509 homines
1616 2497 1623 2503 .
1647 2443 1959 2524 Athenis,
2031 2445 2541 2532 Aristophanem
2616 2458 2893 2535 putasne
2954 2459 3321 2544 'quidquam
3386 2478 3786 2539 moraturum

327 2545 534 2610 fuisse
591 2543 908 2609 absurdas
964 2564 1184 2607 eorum
1244 2543 1637 2629 opiniones?
1733 2545 1996 2623 Quodsi
2050 2548 2363 2615 Kerstius
2423 2549 2590 2616 dicit
2636 2552 2741 2639 (p.
2789 2557 2941 2638 16),
2997 2557 3169 2625 hanc
3221 2564 3603 2650 opinionem
3659 2584 3787 2641 tam

327 2645 668 2730 vulgarem
714 2664 892 2719 esse,
951 2650 1025 2707 ut
1079 2643 1276 2708 facile
1331 2647 1623 2709 nostrum
1684 2645 1961 2730 quisque
2012 2646 2234 2737 semel·
2274 2670 2437 2734 puer
2491 2671 2632 2715 eam
2687 2653 3031 2738 habuerit,
3089 2665 3218 2725 tam
3281 2665 3532 2736 insulsa
3573 2682 3790 2741 tamen

328 2751 464 2825 est,
527 2749 601 2808 ut
650 2742 978 2808 hominem
1037 2744 1329 2807 adultum
1389 2744 1462 2806 in
1521 2763 1661 2807 eam
1719 2745 2019 2813 incidere
2073 2770 2267 2833 posse
2309 2751 2432 2815 vix
2474 2753 2777 2822 arbitrer.
2874 2758 3076 2825 Certe
3134 2767 3307 2850 apud
3347 2770 3787 2844 Athenienses

328 2864 464 2907 non
506 2847 649 2908 erat
688 2842 1018 2927 vulgariS,
1077 2851 1145 2906 et
1198 2845 1377 2926 quod
1429 2853 1621 2929 eaput
1678 2853 1818 2929 est,
1873 2849 2144 2913 minime
2199 2851 2571 2935 periculosa
2624 2856 3033 2944 reipublicae
3091 2863 3379 2953 legibus,
3421 2872 3784 2962 institutis,

328 2942 656 3023 moribus,
715 2943 999 3028 ideoque
1055 2964 1189 3006 non
1226 2949 1416 3028 apta,
1470 2965 1636 3028 quae
1679 2948 1759 3009 ab
1800 2947 2242 3034 Aristophane
2284 2951 2726 3020 derideretur.
2825 2959 3252 3032 confundere
3299 2971 3465 3037 mihi
3520 2975 3790 3043 videtur

326 3042 640 3107 Kerstius
698 3041 1112 3107 involucrum
1169 3064 1311 3106 cum
1368 3043 1692 3126 consilio,
1749 3048 1926 3131 quod
1982 3048 2090 3113 illi
2146 3049 2512 3124 involutum
2572 3060 2691 3119 est.
2803 3059 3019 3144 Atque
3089 3064 3164 3127 in
3224 3066 3417 3135 illius
3485 3072 3787 3160 ingenio-

330 3141 595 3207 sissima
649 3142 1039 3207 inventione
1096 3142 1381 3206 maxime
1443 3144 1800 3211 admiratus
1855 3169 1992 3213 sum
2048 3150 2306 3234 ingenii
2364 3152 2832 3238 Aristophanis
2884 3178 3187 3244 acumem
3254 3176 3321 3232 et
3373 3171 3448 3234 id
3499 3175 3785 3261 quidem,

330 3241 658 3326 quomodo
713 3241 785 3305 in
843 3261 985 3305 eam
1037 3242 1330 3324 potuerit
1385 3241 1721 3319 incidere,
1779 3253 1846 3311 et
1898 3268 2087 3331 quam
2145 3251 2628 3317 accommodata
2672 3255 2755 3318 ad
2787 3262 2957 3341 >ejus
3016 3263 3374 3331 consilium
3432 3274 3556 3352 sit,
3609 3277 3787 3343 Ker-

330 3341 498 3407 stius
551 3340 854 3426 quamvis
913 3340 1160 3406 invitus
1217 3348 1398 3408 recte
1453 3343 1767 3428 explicat.
1863 3346 1948 3409 ld
2004 3349 2177 3412 enim
2235 3350 2645 3434 potissimum
2705 3357 3024 3442 agendum
3080 3361 3210 3427 fuit
3262 3377 3496 3449 poetae
3537 3384 3787 3456 nostro,

331 3462 530 3526 quum
574 3441 937 3505 deridenda
972 3461 1347 3525 proponere
1390 3442 1603 3507 vellet
1641 3465 1819 3509 mera
1858 3446 2372 3515 Atheniensium,
2405 3454 2697 3532 somnia,
2751 3462 2827 3522 ut
2864 3469 3313 3546 argumentum
3357 3473 3786 3561 excogitaret,

331 3540 402 3604 in
448 3561 600 3625 quo,
645 3562 812 3626 quae
854 3546 1260 3625 gererentur,
1303 3561 1504 3627 aeque
1545 3543 1809 3629 quidem
1851 3545 2075 3614 futilia
2114 3561 2335 3616 essent
2376 3559 2442 3616 et
2483 3574 2674 3636 vana,
2719 3562 2916 3642 atque
2938 3562 3443 3633 Atheniensium
3479 3577 3786 3661 consilia,

331 3646 614 3707 attamen
673 3652 1014 3706 externam
1074 3641 1309 3707 saltem
1365 3647 1676 3728 prosperi
1732 3667 2073 3715 successusx
2123 3649 2446 3717 haberent
2500 3657 2807 3740 speciem.
2908 3658 3061 3725 Jam
3107 3684 3264 3732 aves
3309 3668 3581 3737 videbat
3619 3678 3788 3742 mul..

330 3751 545 3807 torum
605 3743 1085 3807 commodorum
1149 3742 1538 3830 participeS,
1596 3746 1834 3831 quibus
1887 3747 2189 3821 homines
2247 3760 2503 3836 carent,
2565 3761 2637 3820 et
2688 3756 2972 3823 forsitan
3030 3760 3174 3844 ipse
3229 3767 3573 3837 admodum
3603 3794 3791 3861 puer

334 3864 552 3909 earnm
609 3841 826 3907 socius
881 3842 1032 3907 fieri
1103 3844 1589 3930 concupiverit,
1664 3868 1827 3931 quas
1900 3857 2122 3914 mente
2187 3852 2561 3936 praeditas,
2633 3855 2934 3923 simodo
2989 3862 3237 3929 callide
3289 3886 3402 3929 ea.
3425 3877 3784 3960 uterentur,

330 3953 400 4008 et
452 3942 834 4008 hominibus
909 3951 975 4007 et
1043 3942 1217 4023 diis,
1287 3949 1355 4008 et
1424 3944 1597 4030 ipsis
1647 3948 1850 4033 spatii
1904 3950 2230 4034 angustiis
2285 3952 2799 4040 circumscriptis
2854 3963 2942 4022 et·
2968 3962 3309 4046 coercitis,
3381 3974 3790 4054 potentiores

335 4062 514 4125 esse,
571 4042 799 4128 lepide
855 4048 922 4106 et
965 4046 1194 4122 jocose
1248 4051 1511 4128 poterat
1563 4047 2016 4116 demonstrare
2076 4053 2237 4131 (cfr.
2271 4063 2448 4123 orat.
2492 4056 2962 4139 Pisthetaeri3·
2989 4067 3356 4150 parabsvs,
3401 4077 3787 4160 θεὼ-,73η

333 4162 431 4206 vs.
475 4145 855 4219 753-7703
899 4162 994 4206 vs.
1038 4144 1421 4222 785-8003
1463 4165 1560 4210 vs.
1608 4152 2060 4233 1058-107-23
2103 4158 2698 4237 vs.·1·088-1102).
2739 4160 3084 4233 ‚Minime
3111 4186 3274 4232 vero
3315 4171 3606 4241 irridere
3639 4180 3790 4246 vult

334 4261 484 4321 eos,
543 4241 616 4304 in
667 4261 940 4327 quorum
985 4242 1232 4325 optatis
1272 4243 1477 4308 fuerit
1514 4266 1675 4312 aves
1716 4250 1906 4333 fieri,
1962 4252 2184 4338 itaque
2231 4274 2382 4321 sese
2437 4248 2620 4342 ipsos
2673 4260 3064 4330 subtrahere
3116 4258 3788 4346 vinculisso’eietatis

333 4342 601 4428 generis
641 4341 926 4406 humani.
1016 4341 1259 4426 Neque<
1289 4365 1432 4407 cum
1476 4346 1598 4410 bac
1651 4351 1980 4415 sententia
2020 4353 2184 4418 satis
2228 4357 2672 4439 conveniunt,²
2713 4382 2888 4446 quae
2943 4364 3020 4428 in·
3074 4365 3287 4433 altera
3340 4371 3561 4439 libelli
3603 4384 3789 4462 parte

333 4441 647 4506 Kerstius
704 4441 1000 4527 disputat
1054 4442 1138 4507 de
1193 4442 1518 4509 historica
1573 4446 1830 4512 fabulae
1887 4451 2143 4517 ratione
2201 4454 2302 4540 (p.
2339 4459 2424 4521 54
2466 4458 2615 4542 sq,).
2660 4504 2669 4515 .
2725 4460 2929 4546 Nam,
2990 4469 3168 4551 quod
3229 4469 3459 4536 mirari
3509 4479 3785 4561 poteriS,

339 4561 583 4605 mecum
645 4538 786 4602 fere
845 4544 1208 4623 consentit,
1262 4545 1650 4610 inanitatem
1712 4550 2164 4635 expeditionis
2207 4553 2586 4620 Siciliensis
2624 4558 2884 4642 planam
2927 4562 3147 4633 faeere
3188 4570 3482 4638 voluisse
3534 4583 3787 4659 poetam

336 4643 437 4728 (p.
483 4643 632 4720 64),
692 4637 824 4702 nisi
881 4643 1054 4726 quod
1110 4642 1282 4707 hanc
1336 4644 1842 4712 similitudinem
1902 4656 2090 4736 putat
2146 4652 2561 4720 intercedere
2617 4658 2834 4723 avium
2893 4658 3072 4729 inter
3127 4674 3195 4733 et
3255 4669 3624 4743 Alcibiadis
3686 4677 3791 4743 in-

339 4747 590 4826 ceptum
637 4743 907 4824 ejusque
951 4742 1308 4824 similium,
1353 4746 1466 4830 qui
1512 4757 2087 4832 repraesentantur
2130 4773 2167 4815 a
2202 4753 2660 4822 Pisthetaero=
2705 4760 2859 4842 „Ut
2894 4761 3351 4851 Pisthetaerus
3394 4771 3675 4843 liberum
3716 4799 3789 4843 se

334 4952 351 4961 ”
375 4913 392 4925 ἡ
444 4962 496 5031 1’)
530 4962 694 5032 Retst:
731 4962 831 5017 ‘Die
866 4962 1026 5032 matt
1060 4963 1140 5026 bea
1174 4967 1521 5036 aristophanes
1568 4970 1623 5024 in
1658 4972 1867 5040 ῷίηῐίᾠῐ
1913 4974 2005 5041 auf
2030 4975 2178 5042 Stet,
2224 4934 2478 5047 bistonfdye
2522 4982 2796 5053 &Beaiebung
2844 4989 2945 5042 unt>
2989 4989 3240 5058 tomiftbm
3274 4993 3552 5065 (statam.
3621 5002 3794 5072 metat.

529 5046 716 5116 Sabn'ss
753 5048 821 5103 ἔτ.
857 5049 1157 5120 Sabrbtidyet
1193 5050 1329 5108 1848
1361 5055 1625 5126 &ebranno
1669 5057 1736 5112 18
1767 5059 1870 5114 Ξὸδ.
1907 5058 1978 5114 54
2008 5061 2125 5130 &eft
2163 5061 2211 5118 1.
2719 5098 2726 5115 .
3289 5112 3295 5121 .
