4225 5834
398 566 623 612 narum
666 552 887 629 captos
932 564 971 608 e
1012 542 1229 628 patria
1270 541 1597 625 migrare,
1656 536 1791 616 ubi,
1837 537 1897 599 si
1942 554 2211 620 usquam
2259 536 2446 616 alibi,
2493 536 2649 601 lites
2691 536 3020 602 florebant
3061 558 3138 604 ac
3179 541 3530 625 vige-bant,
3573 542 3719 615 ubi,
3761 541 3875 626 qui

402 654 594 717 antea
632 645 852 708 fuerat
893 643 1071 707 vitae
1112 641 1378 706 habitus
1439 639 1651 701 laetus
1710 642 1777 700 et
1830 636 2109 718 hilaris,
2171 645 2531 701 evanuerat
2569 638 2644 701 in
2685 639 3266 723 turbulentumque
3306 647 3375 704 et
3415 630 3875 706 tristissimum

398 751 540 810 erat
593 750 1054 823 commutatus,
1110 746 1301 822 cujus
1353 739 1455 802 rei
1516 735 1842 820 originem
1896 754 2096 822 supra
2149 734 2528 801 invenimus
2565 738 2642 800 in
2686 740 2902 804 causis
2947 744 3218 825 propter
3259 740 3584 805 Mercurii
3625 745 3876 807 statuas

398 844 730 909 mutilatas
787 842 1058 908 exorti&
1161 841 1293 905 His
1350 840 1588 903 timent
1645 857 1727 899 ne
1784 839 2084 922 quamvis
2140 834 2440 901 insontes
2493 836 2958 921 implicentur,·
3003 840 3077 903 in
3129 839 3704 926 suspicionemque
3755 858 3876 902 vo·

396 952 625 1011 centur
682 943 1151 1028 mysteriorum
1210 939 1644 1019 violatorum,
1702 936 1776 999 id
1831 939 2007 1023 quod
2062 936 2471 1004 Salaminiae
2526 939 2717 1005 navis
2759 958 3012 1025 pavore
3049 951 3279 1027 aperte
3320 942 3680 1007 ostendunt
3717 942 3871 1020 (cfr.

390 1067 494 1111 vs.
544 1051 667 1111 146
707 1046 764 1109 δι
811 1048 974 1119 147).
1022 1074 1103 1089 --·
1163 1038 1297 1104 Sed
1341 1040 1726 1123 quamquam
1774 1039 2006 1101 eadem·
2044 1038 2185 1101 fere
2241 1047 2312 1101 et
2341 1035 2631 1121 'cupiunt
2687 1045 2754 1102 et
2805 1051 3216 1122 aversantur,
3276 1046 3874 1125 magnum-tamen,

391 1146 454 1211 si
497 1144 861 1210 accuratius
917 1164 1050 1207 rem
1097 1140 1413 1220 intueris,
1470 1137 1815 1225 apparebit
1856 1137 2217 1201 discrimen
2262 1136 2679 1201 intercedere
2721 1137 2902 1202 inter
2956 1148 3320 1227 utrumque.
3408 1140 3878 1211 Pisthetaerus

393 1245 673 1330 ignavus
714 1245 982 1330 quidem
1029 1241 1312 1326 proinde
1354 1258 1431 1303 ac
1481 1238 1877 1324 EuelpideS,
1937 1237 2054 1302 sed
2110 1236 2224 1322 qui
2279 1238 2523 1302 astutia
2577 1237 3058 1333 et‘calliditate
3104 1249 3235 1305 tum
3280 1240 3590 1326 ignaviae
3629 1260 3871 1326 oppro-

400 1345 608 1409 brium
657 1364 1000 1425 amovere,
1060 1348 1192 1404 tum
1238 1340 1600 1424 periculum
1644 1338 2001 1401 imminens
2047 1342 2345 1401 avertere
2388 1336 2591 1415 sciat3
2648 1337 2934 1416 facetus,
2986 1339 3125 1404 suis
3181 1342 3670 1405 tantum-rebus
3712 1358 3871 1404 con·

394 1445 650 1521 sulens,
705 1442 1093 1521 dominandi
1151 1440 1465 1525 cupidus,
1528 1446 1596 1502 et
1649 1457 2035 1522 quamquam
2090 1456 2310 1499 merus
2367 1437 2539 1502 civis
2569 1438 2795 1518 ·ἂστὸς
2843 1441 2986 1534 μετ’
3033 1442 3254 1508 ἀστῶν
3299 1444 3423 1519 (vs.
3467 1442 3614 1522 34),
3674 1452 3868 1527 quum

394 1547 633 1631 perdiu
676 1544 957 1608 Athenis
1001 1542 1286 1621 vixerit,
1346 1550 1545 1624 atque
1580 1538 1787 1602 ‘vitam
1833 1539 2144 1602 urbanam
2186 1539 2453 1621 penitus
2505 1539 2810 1622 pei-norit
2855 1547 2924 1604 et
2969 1541 3109 1605 fere
3152 1541 3521 1606 adoleverit
3562 1543 3633 1607 in
3677 1541 3868 1606 civili

394 1647 589 1710 turba
635 1666 709 1706 ac
752 1643 919 1719 fori,
982 1644 1286 1725 vulgares
1343 1640 1608 1723 quidem
1668 1638 1827 1701 inde
1883 1636 2125 1701 didicit
2177 1642 2359 1703 artes
2412 1637 2864 1721 sophistarum
2904 1638 3274 1726 civiumque
3316 1641 3866 1722 turbulentorum,

394 1745 509 1829 qui
569 1745 788 1831 plebis
845 1744 1122 1827 gratiam
1183 1746 1549 1819 sectantur,
1609 1739 1828 1822 iisque
1885 1736 2230 1803 occasione
2287 1736 2509 1803 oblata
2559 1737 2790 1801 utitur.
2904 1740 3231 1824 Adspecto
3291 1730 3619 1805 Trochilo
3674 1758 3866 1827 quum

394 1853 669 1930 uterque
711 1862 868 1930 prae
912 1842 1148 1905 timore
1190 1840 1373 1905 humi
1415 1846 1793 1922 prostratus·
1819 1843 2093 1918 jaceret,
2139 1836 2508 1923 Euelpides
2551 1838 2804 1923 primus
2843 1857 3042 1913 ausus
3075 1847 3187 1905 est
3239 1860 3511 1925 surgere
3554 1858 3867 1926 avemque

393 1944 679 2030 alloqui3
736 1963 900 2058 quae
954 1943 1073 2004 *ubi
1131 1942 1302 2004 abiit
1344 1941 1429 2003 ad
1472 1940 1806 2003 dominum
1851 1942 2035 2000 suum
2080 1956 2118 1999 e
2158 1938 2890 2015 somno-excitandum,
2952 1939 3566 2023 Pisthetaerus,›ut
3621 1941 3871 2007 faciunt

392 2045 654 2131 ignavi,
710 2043 860 2127 qui,
914 2062 1110 2126 quum
1153 2061 1226 2105 se
1270 2049 1446 2104 tutos
1490 2060 1634 2104 esse
1677 2038 2121 2117 arbitrentur,
2177 2038 2563 2101 absentibus
2606 2038 2970 2121 minantur,
3026 2040 3100 2103 in
3143 2042 3381 2105 malam
3421 2060 3681 2107 erucem
3715 2060 3867 2106 eam

394 2146 580 2209 abire
626 2145 852 2226 jubet,
912 2141 1232 2225 Euelpidi
1292 2158 1452 2207 vero
1511 2140 1817 2224 querenti
1875 2137 2286 2205 monedulam
2330 2156 2384 2199 e
2412 2139 2714 2202 manibus
2757 2140 3064 2205 emissam
3105 2140 3457 2225 ignaviam
3484 2143 3865 2227 opprobrat,

394 2245 566 2330 quod
622 2264 781 2329 prae
824 2251 998 2305 metu
1040 2261 1224 2304 avem
1266 2241 1598 2323 emiserit,
1656 2248 1851 2325 atque
1892 2246 2102 2305 astute
2144 2239 2562 2326 ridiculeque
2605 2246 2810 2304 semet
2850 2239 3066 2325 ipsum
3111 2241 3206 2303 ab
3237 2241 3546 2324 ignaviae
3583 2241 3866 2309 crimine

392 2345 684 2409 liberare
729 2343 952 2408 studet
1008 2360 1084 2405 eo
1145 2343 1321 2425 quod
1378 2341 1584 2422 dicit,
1646 2358 1829 2404 avem
1872 2359 2055 2402 suam
2099 2346 2356 2423 sponte
2347 2340 2707 2416 evolasse,
2761 2360 2902 2407 non
2948 2358 3010 2404 a
3029 2360 3100 2404 se
3141 2361 3180 2404 e
3221 2341 3519 2407 manibus
3561 2338 3863 2406 emissam

394 2446 519 2526 (vs.
564 2447 647 2510 85
674 2444 885 2521 —91).
986 2445 1073 2506 At
1114 2451 1380 2527 superat
1423 2443 1666 2507 socium
1726 2441 1982 2505 artibus
2040 2447 2105 2503 et
2157 2440 2357 2504 dolis.
2457 2440 2875 2505 Gravissima
2917 2439 3090 2505 enim
3137 2438 3528 2505 imminente
3562 2440 3656 2506 iis
3694 2442 3869 2526 peri-

392 2546 541 2610 culo
586 2545 665 2607 ab
709 2542 941 2608 avibus
968 2542 1212 2623 iratiS,
1272 2541 1668 2628 Euelpidem
1713 2541 2208 2622 lamentantem,
2269 2540 2446 2624 quod
2492 2541 2954 2605 Pisthetaerus
3010 2557 3157 2604 eum
3213 2542 3286 2605 in
3331 2551 3580 2605 tantum
3625 2541 3865 2627 capitis

393 2644 756 2708 discrimen
814 2642 1231 2724 adduxerit,-
1259 2644 1552 2725 maligne
1604 2640 1876 2727 quidem
1934 2639 2142 2733 ridet,
2199 2634 2318 2707 s'ed
2376 2641 2611 2723 simul,
2667 2660 2798 2724 quo
2855 2640 3142 2704 animum
3179 2638 3544 2707 demissum
3587 2649 3862 2720 recreet,

395 2744 782 2808 adhortatur
825 2764 1005 2823 eum,
1066 2748 1138 2806 ut
1196 2745 1518 2828 arreptiS,
1550 2760 1737 2827 quas
1790 2748 2010 2805 secum
2062 2747 2520 2824 portaverant,
2578 2741 3117 2824 ollis'veruque,
3145 2760 3322 2807 sese
3359 2743 3711 2824 defendat,
3763 2743 3866 2806 ita

393 2855 467 2909 ut
524 2843 882 2930 Euelpides
939 2844 1011 2907 in
1069 2843 1418 2906 maximam
1479 2842 1697 2906 statim
1761 2847 1904 2924 ejus
1964 2840 2464 2905 admirationem
2521 2846 2816 2907 transeat
2875 2842 3000 2921 (vs.
3043 2845 3170 2908 339
3205 2841 3357 2926 sq.).
3456 2842 3862 2911 Prudentiae

391 2962 556 3009 ‘vero
601 2953 668 3008 et
709 2943 1099 3008 calliditatis
1143 2944 1317 3029 quod
1362 2943 1577 3005 edere·
1600 2949 1859 3026 poterat
1901 2943 2228 3028 specimen
2267 2942 2676 3029 praeclarius
2710 2963 2785 3006 ac
2816 2942 3234 3023 luculentius,
3263 2960 3455 3027 quam
3497 2944 3674 3029 quod
3716 2960 3868 3029 per—

394 3047 631 3110 suadet
682 3044 949 3124 avibuS,
1020 3053 1090 3109 ut
1146 3061 1280 3109 rem
1337 3043 1663 3129 incipiant
1717 3044 2185 3128 perridiculam
2242 3064 2316 3108 ac
2364 3062 2641 3124 vanam,
2698 3051 2894 3129 atque
2952 3043 3203 3130 decipit
3257 3045 3528 3108 deorum
3583 3044 3859 3126 legatos.

395 3146 531 3211 Sed
574 3167 737 3210 cave
778 3165 922 3208 eum
968 3144 1218 3209 referas
1260 3144 1332 3207 in
1378 3164 1716 3207 numerum
1760 3144 2003 3209 civium
2056 3144 2334 3210 istorum
2389 3144 2914 3209 turbulentorum
2970 3168 3045 3211 ae
3085 3145 3583 3228 seditiosorum,
3638 3144 3863 3230 quales

396 3246 864 3311 describuntur
904 3246 977 3307 in
1023 3238 1388 3329 equitibus,
1431 3245 1546 3328 qui
1588 3245 1777 3308 nulla
1820 3244 1955 3309 alia
1997 3265 2069 3308 re
2109 3246 2320 3327 magis
2365 3245 2866 3310 delectabantur
2903 3264 3094 3331 quam
3138 3248 3424 3331 strepitu
3465 3264 3542 3309 ac
3582 3245 3863 3313 tuumltu

395 3348 567 3426 fori3
621 3367 830 3431 neque
870 3345 943 3407 in
987 3364 1261 3408 numero
1301 3344 1641 3408 habendus
1682 3352 1787 3408 est
1830 3343 2158 3408 rhetorum
2199 3344 2314 3408 v'el
2355 3344 2822 3431 sophistarum.
2921 3347 3328 3432 Quemquam
3374 3364 3502 3409 non
3547 3344 3863 3411 abhorret

395 3448 477 3509 ab
521 3445 798 3509 istorum
841 3444 1175 3509 hominum
1219 3446 1514 3507 moribus
1555 3444 2320 3529 consuetudinibusque,
2350 3453 2418 3507 et
2456 3445 2825 3526 fraudium,
2868 3444 3313 3527 fallaciarum,
3356 3436 3862 3510 'mendaciorum

393 3545 877 3659 peritissimum
922 3565 995 3608 se
1053 3542 1346 3609 exhibet.
1422 3548 1684 3628 -Atque
1728 3551 1972 3607 tantam
2001 3542 2132 3609 -sui
2190 3543 2690 3609 admirationem
2750 3549 3005 3631 upupae
3061 3545 3420 3631 avibusque
3478 3543 3733 3627 injicit,
3790 3553 3863 3609 ut

394 3644 664 3711 summis
706 3646 787 3708 ab
832 3644 917 3708 iis
961 3644 1268 3708 laudibus
1312 3644 1383 3706 in
1426 3644 1681 3708 coelum
1725 3643 2086 3707 extollatur
2123 3646 2249 3723 (vs.
2284 3647 2440 3724 3183
2481 3649 2646 3722 409,
2682 3649 2864 3727 412),
2905 3646 2995 3710 ad
3037 3645 3401 3731 ipsumque,
3446 3650 3520 3707 ut
3555 3647 3669 3730 qui
3715 3644 3860 3709 uni-

395 3765 508 3809 cus
568 3746 671 3808 rei
730 3743 1173 3828 perficiendae
1229 3752 1418 3829 aptus
1476 3744 1598 3825 sit,
1668 3744 1959 3831 omnium
2025 3743 2408 3824 voluntate
2403 3763 2507 3809 ·ac
2567 3762 2887 3809 consensu
2929 3764 3192 3809 summa
3247 3764 3467 3809 rerum
3523 3744 3861 3810 deferatur

397 3847 518 3925 (vs.
564 3849 687 3910 626
728 3847 854 3930 sq.)

561 3944 926 4030 Euelpides
962 3945 1117 4029 ipso
1158 3946 1427 4009 nomine
1470 3951 1769 4009 naturam
1812 3899 1995 4008 suam
2039 3950 2229 4030 atque
2270 3945 2561 4010 indolem
2602 3945 2769 4010 satis
2810 3944 3092 4023 indicat3
3135 3951 3237 4008 est
3277 3946 3373 4025 is,
3417 3944 3533 4029 qui
3573 3944 3863 4011 libenter
3977 3928 3982 3933 ⁴

398 4048 541 4129 spei
585 4046 821 4129 cuique
862 4044 1225 4130 indulgeat,
1271 4044 1385 4129 qui
1426 4044 1629 4111 facile
1672 4036 1941 4109 ab-aliis
1983 4065 2055 4109 se
2097 4044 2249 4108 duci
2294 4052 2361 4109 et
2403 4046 2546 4129 regi
2585 4045 2894 4129 patiatur,
2938 4043 3054 4129 qui
3079 4043 3323 4125 omnia,
3369 4062 3535 4128 quae
3577 4045 3720 4109 dux
3757 4045 3859 4106 in·

397 4147 566 4230 cipit
620 4154 687 4209 et
742 4144 1049 4226 molitur,
1107 4164 1382 4209 assensu
1434 4164 1553 4210 suo
1606 4146 2022 4229 comprobet3
2079 4151 2177 4209 est
2219 4150 2364 4227 ejus
2420 4144 2737 4226 famulus,
2798 4143 2891 4213 uti
2936 4143 3339 4209 Suevernius
3377 4145 3552 4209 dicit
3589 4147 3681 4230 (p.
3723 4144 3857 4225 35),

399 4245 676 4329 ignavus
721 4266 925 4330 aeque
970 4264 1045 4309 ac
1087 4244 1394 4309 dominus
1438 4245 1604 4327 ipse,
1648 4262 1859 4330 neque
1901 4262 2065 4321 yero
2105 4244 2354 4329 is‚-·qui
2398 4243 2766 4328 perieulum
2797 4243 3373 4310 ‘instans‘callidis
3416 4244 3860 4310 acubus-ase

399 4344 751 4421 defendat3
794 4346 1039 4430 loquax
1084 4344 1609 4426 (ofr.vs.169sq.)‚
1656 4351 1728 4407 ut
1770 4352 1873 4408 est
1913 4352 2244 4424 senecam
2290 4363 2495 4428 quare
2535 4343 2681 4428 ipse
2710 4344 2855 4409 fere
2882 4344 3092 4425 solus,
3113 4343 3709 4409 Pisthetaaromn
3747 4347 3859 4408 iaae

399 4443 827 4530 terpellante,
870 4453 938 4509 et
976 4464 1122 4514 cum
1151 4443 1485 4512 Trochilo
1525 4453 1593 4507 et
1632 4462 1774 4508 cnm
1813 4442 2038 4509 Tereo
2082 4444 2504 4530 colloquitur,
2545 4452 2614 4508 et
2653 4440 2737 4508 bb
2779 4465 2921 4509 eam
2965 4462 3102 4509 rem
3145 4444 3544 4529 aptissimus,
3583 4443 3860 4529 quido-

397 4546 568 4610 mini
612 4544 946 4610 orationes
990 4553 1059 4609 et
1098 4544 1580 4630 explicationes
1636 4564 2104 4630 saepenumero
2152 4546 2330 4628 jocis
2375 4545 2659 4621 ⁵insertis
2701 4545 3139 4630 interrumpat
3179 4547 3329 4625 (cfr.
3373 4564 3472 4609 vs·-
3502 4540 3659 4623 4753
3697 4549 3856 4624 4293

399 4650 556 4723 4803
613 4647 737 4712 486
777 4664 912 4729 sq.;
969 4649 1089 4713 493
1130 4669 1226 4731 sq.
1273 4646 1444 4725 etc).
1549 4646 1596 4709 Α
1658 4666 1820 4730 quo,
1874 4655 1953 4709 ut
2001 4645 2218 4710 socius
2271 4646 2342 4709 et
2395 4645 2660 4729 adjutor
2699 4645 2792 4711 sit
2847 4646 3079 4711 avibus
3119 4646 3194 4708 in
3233 4643 3861 4711 aedificanda-non

401 4748 584 4826 urbe,
627 4746 702 4809 in
746 4764 958 4808 aerem
1003 4744 1263 4820 missus,
1305 4764 1687 4831 quamquam
1714 4744 1989 4821 invituS,
2033 4748 2151 4810 sed
2195 4747 2457 4812 blandis
2501 4746 2758 4810 domini
2800 4748 3026 4814 verbis
3066 4767 3225 4810 mox
3265 4744 3555 4830 placatus
3598 4748 3861 4812 decedit

401 4847 528 4925 (vs.
572 4848 695 4911 837
740 4847 886 4930 sq.).
934 4878 1015 4891 --
1076 4846 1161 4908 At
1217 4844 1659 4925 Suevernius,
1720 4851 1904 4929 cujus
1956 4847 2174 4911 animo
2232 4867 2560 4933 nunquam
2615 4867 2752 4910 non
2794 4849 3186 4921 obversatur
3226 4844 3569 4932 expeditio
3613 4848 3857 4928 Sicula,

402 4965 719 5028 personas
760 4944 978 5007 avium
1023 4942 1269 5029 incepti
1312 4951 1613 5015 auctores
1653 4966 1785 5011 non
1829 4967 1917 5019 ex
1959 4948 2103 5012 sola
2143 4954 2373 5032 poetae
2415 4953 2634 5021 mente
2673 4953 2745 5015 et
2781 4949 3184 5032 cogitatione
3227 4947 3477 5015 effictas
3517 4968 3696 5029 esse,
3739 4949 3859 5013 sed

400 5043 491 5108 iis
534 5045 935 5129 respondere
978 5044 1253 5125 debere,
1313 5044 1424 5133 qui
1470 5046 1539 5108 in
1583 5044 1705 5110 illa
1750 5047 2181 5131 expeditione
2223 5047 2558 5113 suadenda
2599 5055 2666 5112 et
2709 5046 3109 5132 perficienda
3151 5046 3406 5115 similes
3448 5047 3862 5132 susceperint
