4225 5834
1665 328 2426 416 *lt-..-

317 544 495 613 §mett
532 541 669 626 und)
713 542 892 610 tinem
932 540 1131 626 §Dium
1173 540 1447 625 concipitt
1488 538 1735 632 mgtbw‘
1815 542 1906 605 At
1945 540 2068 605 hac
2100 540 2324 624 jocosi
2365 539 2757 609 definitione
2813 542 3030 609 omnis
3078 544 3246 612 mihi
3287 546 3556 612 videtur
3596 566 3791 614 ruere

319 653 388 710 et
440 644 653 709 dilabi
708 665 852 721 ars,
921 662 1069 707 nam
1123 642 1300 727 quod
1354 640 1611 705 nullum
1669 639 2019 704 consilium
2040 689 2061 722 ,
2136 640 2383 706 nullam
2447 642 2881 708 stabilitatem
2937 665 3018 709 ac
3048 648 3508 712 ‘constantiam
3563 646 3789 730 habet,

319 745 493 828 quod
535 749 682 809 utut
722 743 888 808 libet
926 748 1160 826 poetae
1202 740 1513 805 adhiberi
1556 744 1808 824 potest,
1852 739 1964 805 vel
2005 740 2213 806 totius
2267 742 2531 806 fabulae
2586 743 3006 826 harmoniae,
3064 764 3255 830 quam
3299 745 3616 828 dicimuS,
3675 747 3791 811 de·

318 845 632 910 trimento
689 863 959 929 magno,
1017 846 1206 926 cujus
1261 846 1444 905 certa
1498 858 1730 904 norma
1788 860 1864 905 ac
1932 841 2163 924 regula
2222 862 2356 905 non
2412 848 2548 923 est,
2607 844 2841 927 nequit
2895 865 3041 912 esse
3095 848 3262 912 artis
3312 852 3790 935 argumentum.

315 944 643 1031 Equidem
685 942 1101 1008 Pisthetaeri
1142 938 1383 1025 agendi
1427 940 1748 1005 rationem
1794 938 2064 1003 minime
2106 960 2475 1026 repugnare
2517 946 2661 1025 ejus
2707 943 2980 1029 ingenio
3016 948 3477 1031 moribusque,
3523 947 3791 1012 demon-

319 1051 536 1113 strare
586 1045 892 1110 conabor.
1006 1042 1304 1108 Athenae
1372 1059 1506 1105 non
1573 1039 1889 1126 amplius
1916 1041 1980 1105 ei
2051 1040 2347 1126 placent,
2416 1041 2818 1110 libidinibus
2871 1049 2941 1108 et
3009 1046 3487 1130 cupiditatibus
3539 1045 3789 1132 nequit,

321 1151 629 1232 quantum
685 1149 789 1209 sat
843 1149 945 1209 est
999 1149 1224 1226 atque,
1243 1145 1472 1223 juvat,
1543 1140 1963 1223 satisfacere,
2037 1160 2187 1204 nam
2244 1147 2310 1206 et
2365 1162 2517 1207 aere
2572 1144 2794 1209 alieno
2850 1146 3124 1211 obrutus
3177 1151 3277 1212 est
3333 1148 3491 1224 (cfr.
3535 1167 3631 1213 vs.
3673 1149 3791 1227 383

320 1267 421 1312 vs.
468 1250 587 1312 115
627 1246 778 1331 sq.),
837 1251 906 1309 et
958 1243 1510 1329 sycophantarum
1568 1240 1918 1328 litiumque
1974 1242 2217 1307 timore
2269 1249 2553 1308 vexatur
2608 1245 2770 1323 (cfr.
2813 1264 2911 1309 vs,
2955 1249 3042 1311 40
3084 1249 3237 1329 sq.).
3349 1245 3792 1311 Athenienses

321 1352 686 1429 aversatur,
742 1364 888 1409 cum
930 1342 1150 1429 iisque
1190 1343 1442 1407 nullam
1483 1341 1619 1406 sibi
1660 1362 1800 1406 rem
1845 1361 1992 1409 esse
2033 1342 2199 1409 vult.
2295 1341 2576 1418 Quaerit
2616 1345 2840 1410 urbem
2860 1392 2881 1425 ,
2937 1346 3051 1409 ubi
3105 1346 3528 1432 tranquillam
3579 1346 3794 1432 placi-

321 1448 597 1533 damque
636 1444 855 1531 possit
895 1443 1264 1527 transigere
1305 1444 1548 1523 vitam,
1594 1442 2169 1528 voluptatumque,
2226 1440 2463 1527 quibus
2505 1444 2793 1508 maxime
2826 1445 3097 1528 gaudet,
3142 1446 3616 1531 explendarum
3656 1446 3793 1511 sibi

322 1548 477 1613 data
516 1548 612 1613 sit
652 1545 950 1610 facultas.
1045 1543 1281 1609 Talem
1336 1544 1603 1609 invenit
1658 1542 1834 1635 apud
1891 1561 2086 1619 aves,
2144 1541 2515 1625 callideque
2555 1542 2797 1619 efficit,
2857 1551 2928 1609 ut
2970 1546 3117 1630 ipse
3158 1565 3382 1611 earum
3423 1544 3614 1632 quasi
3651 1546 3793 1611 dux

325 1653 393 1711 et
448 1666 573 1711 rex
628 1650 905 1710 creetur.
1009 1643 1163 1708 Jam
1219 1642 1428 1728 igitur
1485 1661 1653 1726 quae
1711 1642 2054 1728 cupiebat,
2126 1641 2192 1705 ei
2249 1640 2701 1727 contigerunt,
2773 1651 2968 1727 atque
3025 1646 3189 1711 adeo·
3243 1666 3423 1731 spem
3477 1651 3622 1729 ejus
3684 1668 3794 1712 suu-

324 1752 757 1832 peraverunt,
805 1750 945 1825 jam
989 1743 1382 1809 stolidarum
1427 1741 1643 1808 avium
1688 1742 2056 1828 imperator
2097 1740 2321 1805 omnia
2362 1748 2579 1827 potest
2619 1742 2969 1828 perficere,
3031 1745 3141 1810 vel
3197 1743 3382 1831 ipsos
3437 1746 3601 1810 deos
3641 1765 3794 1831 spes

325 1852 433 1911 est
484 1845 811 1911 devictum
867 1842 995 1919 iri,
1049 1844 1417 1929 avibusque
1469 1860 1898 1908 concessuros
1953 1861 2099 1906 esse
2151 1861 2468 1907 summum
2519 1842 2889 1926 imperium.
2991 1841 3124 1909 Sed
3172 1843 3540 1910 adveniunt
3579 1865 3793 1910 novae

326 1945 514 2011 urbis
556 1943 893 2010 commoda
933 1963 1077 2006 cum
1121 1964 1201 2007 eo
1243 1941 1818 2023 communicaturi,
1861 1938 1934 2004 in
1976 1938 2214 2026 quibus
2257 1940 2677 2026 expellendis
2710 1965 2845 2007 non
2880 1945 3074 2008 modo
3116 1965 3249 2007 non
3291 1961 3505 2010 secum
3546 1950 3796 2031 pugnat

326 2045 824 2126 Pisthetaerus,
883 2042 1084 2107 immo
1125 2060 1291 2106 vero
1332 2061 1583 2107 summa
1625 2046 1768 2122 ejus
1810 2039 2147 2106 calliditas
2191 2053 2278 2105 ac·
2309 2041 2660 2125 prudentia
2700 2043 3012 2109 cernitur.
3106 2044 3274 2110 Nam
3319 2046 3600 2129 primum
3645 2046 3796 2128 qui-

326 2146 477 2210 dem
519 2164 558 2208 a
598 2148 793 2229 poeta
851 2163 982 2205 non
1040 2141 1426 2227 depingitur
1481 2140 1679 2205 homo
1731 2149 1862 2205 tam
1919 2139 2215 2204 nefarius
2271 2144 2338 2204 et
2389 2141 2736 2219 scelestus,
2800 2150 2871 2209 ut
2922 2145 3033 2210 vel
3092 2143 3524 2229 parricidium
3582 2145 3796 2231 possit

326 2247 648 2334 probare,
718 2249 794 2308 ut
845 2259 983 2306 non
1036 2243 1404 2308 detestetur
1457 2241 2014 2327 sycophantarum
2071 2246 2279 2305 artem
2331 2240 2896 2325 sordidissimam,
2969 2244 3213 2308 deinde
3271 2243 3458 2309 hisce
3512 2243 3795 2310 homun-

328 2343 629 2411 cionibus
667 2343 741 2407 in
782 2344 1004 2406 avium
1048 2361 1317 2429 regnum
1361 2341 1684 2425 receptis,
1726 2361 1948 2407 nonne
1979 2340 2390 2405 metuendum
2435 2346 2614 2422 erat,
2657 2363 2775 2421 ne,
2821 2343 3276 2410 disseminatis
3309 2363 3387 2407 ac
3429 2344 3796 2429 divulgatis

328 2445 665 2510 similibus
709 2443 1083 2521 sententiis,
1130 2441 1492 2529 tranquilla
1527 2463 1604 2506 ac
1644 2441 1869 2507 suavis
1912 2441 2100 2527 regni
2142 2441 2440 2506 conditio
2483 2442 2888 2525 inficeretur,
2933 2467 3041 2528 ne,
3087 2446 3262 2531 quod
3292 2464 3543 2508 summo
3568 2444 3796 2510 labore

330 2569 406 2612 ac
455 2545 680 2610 studio
736 2551 805 2609 et
856 2544 1234 2628 quaesierat
1287 2549 1357 2607 et
1408 2543 1686 2628 adeptus
1731 2549 1920 2624 erat,
1991 2540 2197 2607 otium
2252 2543 2668 2626 turbaretur,
2740 2544 3091 2631 imperium
3150 2544 3540 2616 translatum
3596 2544 3797 2609 dimi·

329 2652 672 2727 nueretur,
729 2665 846 2726 ne,
890 2664 1057 2726 quae
1095 2641 1377 2709 Athenis
1422 2641 1746 2709 decedens
1788 2642 2075 2727 fugerat,
2132 2640 2544 2722 discordiae,
2588 2645 2848 2724 turbae,
2908 2645 3278 2711 seditiones
3318 2648 3456 2727 jam
3499 2643 3800 2710 redirent

332 2747 681 2831 omniaque
734 2744 1248 2827 permiscerent?
1361 2743 1497 2809 Eas
1558 2748 1816 2808 tantum
1866 2741 2078 2827 leges,
2137 2762 2251 2807 eos
2306 2760 2560 2825 mores,
2622 2764 2766 2808 eum
2832 2765 3050 2809 rerum
3106 2744 3409 2810 ordinem
3467 2744 3798 2832 permittit

332 2845 829 2919 Pisthetaerus,
882 2844 998 2928 qui
1055 2863 1176 2907 nec
1230 2841 1402 2928 ipsi,
1464 2863 1586 2907 nec
1642 2841 1860 2907 avium
1917 2861 2121 2926 regno
2178 2851 2427 2907 noceat.
2540 2844 2741 2922 Quod
2793 2864 2955 2909 vero
3012 2845 3487 2931 Aristophanes
3541 2864 3799 2930 quoque

335 2948 494 3013 odio
536 2969 649 3014 eos
691 2947 1149 3034 persequitur,
1193 2965 1387 3012 causa
1429 2966 1574 3011 esse
1619 2948 1879 3031 nequit,
1923 2951 1994 3009 ut
2029 2946 2520 3011 Pisthetaerum
2564 2949 2858 3010 naturam
2902 2966 3086 3012 suam
3128 2946 3390 3012 exuisse
3433 2951 3500 3010 et
3541 2950 3800 3031 poetam

334 3050 411 3113 in
465 3052 607 3130 ejus
663 3047 876 3110 locum
931 3047 1324 3112 successisse
1381 3053 1771 3140 statuamus.
1856 3046 2226 3124 Quaerenti
2280 3067 2444 3111 vero
2499 3046 2661 3131 quid
2718 3045 2843 3111 hac
2898 3046 3290 3133 expulsione
3338 3046 3469 3114 sibi
3512 3045 3804 3111 voluerit

336 3154 530 3235 poeta
571 3151 638 3211 et
666 3147 1005 3230 ⁴quomodo
1046 3146 1171 3212 illa
1214 3146 1503 3212 arctiore
1542 3146 1814 3212 viuculo
1857 3146 2203 3211 cohaereat
2243 3167 2388 3210 cum
2432 3146 2674 3212 ceteris
2727 3145 2991 3212 fabulae
3048 3147 3383 3232 partibus,
3437 3147 3565 3211 hoc
3620 3146 3803 3211 lubet

335 3247 771 3333 respondere,
827 3250 1086 3332 poetam
1128 3245 1203 3309 id
1246 3245 1659 3331 potissimum
1702 3247 1956 3330 egisse,
2014 3251 2085 3309 ut
2127 3245 2538 3327 ostenderet,
2592 3250 2836 3331 quanta
2878 3259 3130 3311 morum
3181 3246 3599 3331 depravati0‚
3656 3229 3800 3310 tan-

336 3361 526 3437 quam
567 3350 867 3431 morbus,
911 3347 984 3411 in
1026 3366 1250 3412 omnes
1281 3345 1575 3414 civitatis
1617 3353 1837 3432 partes
1884 3345 2273 3429 invasisset,
2317 3345 2490 3410 nihil
2532 3345 2691 3412 inde
2736 3367 2931 3430 posse
2971 3345 3280 3432 prodire,
3324 3345 3458 3410 nisi
3501 3344 3801 3412 homines

336 3448 638 3537 perditos
681 3455 746 3513 et
791 3452 1157 3533 corruptos.
1203 3479 1281 3491 —

500 3548 768 3631 Restat,
813 3556 919 3630 ut,
964 3566 1129 3632 quae
1173 3546 1574 3613 Suevernius
1616 3544 1702 3610 de
1744 3545 2011 3610 deorum
2052 3545 2549 3630 significatione
2589 3551 2656 3610 et
2695 3544 2896 3611 totius
2939 3546 3202 3611 fabulae
3254 3544 3538 3614 consilio
3580 3544 3801 3630 dispu-

338 3650 542 3732 tavit,
602 3648 899 3713 breviter
952 3647 1398 3716 examinemus
1458 3653 1526 3712 et
1565 3647 2064 3734 perpendamus.
2165 3647 2533 3732 Exspectas
2575 3666 2770 3727 sane,
2837 3665 3032 3730 quum
3086 3647 3206 3711 sub
3250 3646 3520 3711 deorum
3578 3646 3799 3731 specie

339 3749 700 3835 Spartanos
754 3748 943 3838 nobis
1000 3749 1383 3813 adumbrari
1438 3745 1845 3814 Suevernius
1902 3749 2288 3830 contendat,
2362 3769 2582 3816 mores
2647 3747 3017 3833 agendique
3072 3750 3394 3814 rationem
3454 3746 3801 3831 Spartanis

338 3851 553 3936 aptam
597 3855 663 3915 et
702 3849 1266 3914 accommodatam.
1362 3847 1558 3912 Nihil
1610 3849 1971 3932 ejusmodi,
2027 3850 2204 3934 quod
2262 3849 2407 3935 ipse
2460 3850 2571 3915 vir
2623 3852 2856 3915 doctus
2899 3848 3204 3914 confiteri
3260 3847 3526 3914 videtur
3563 3848 3797 3926 (Suev.

339 3972 402 4035 p.
444 3951 546 4030 8).
633 3948 960 4014 Omnibus
1003 3949 1223 4031 enim,
1278 3949 1517 4035 quibus
1562 3950 2037 4034 Athenienses,
2091 3950 2285 4015 vitiis
2328 3949 2563 4016 imbuti
2605 3957 2674 4017 et
2713 3950 2933 4015 obruti
2975 3956 3163 4026 sunt3
3226 3947 3527 4035 corporis
3571 3947 3803 4012 libidi-

341 4050 536 4116 nibus
591 4049 943 4134 indulgent
1000 4050 1156 4129 (cfr.
1202 4071 1298 4116 vs.
1343 4052 1467 4116 556
1510 4071 1603 4137 sq.
1610 4053 1669 4133 )‚
1727 4071 1991 4116 suarum
2043 4071 2260 4116 rerum
2317 4051 2763 4138 unusquisque
2819 4055 2920 4116 est
2970 4049 3341 4129 studiosus,
3399 4055 3553 4112 suut
3596 4047 3800 4123 avari,

341 4153 723 4231 discordes,
779 4153 1050 4239 perfidi,
1109 4159 1175 4218 et
1226 4153 1627 4219 democratia
1683 4154 1880 4219 attica
1923 4154 2230 4241 legesque
2271 4155 2510 4218 atticae
2550 4150 2724 4236 apud
2765 4170 2879 4216 eos
2923 4169 3198 4236 regnare
3249 4148 3588 4233 finguntur
3640 4147 3798 4226 (efr-

339 4258 679 4332 νε.1570;
742 4257 898 4320 1649
939 4274 1037 4338 sq.
1042 4257 1106 4334 );
1175 4254 1273 4319 ita
1330 4258 1401 4318 ut
1454 4259 1667 4335 maior
1719 4254 2090 4320 intercedat
2154 4273 2270 4317 eos
2336 4252 2514 4316 inter
2563 4257 2630 4314 et
2686 4250 3124 4315 Athenienses
3179 4247 3551 4314 similitudo
3604 4266 3803 4362 quam

342 4354 520 4419 inter
561 4353 939 4440 Spartanos.
1025 4354 1160 4429 Qui
1209 4358 1350 4438 Jam
1407 4353 1559 4419 fieri
1613 4360 1863 4442 potest,
1933 4361 2004 4419 ut
2058 4353 2360 4441 cuiquam
2416 4368 2798 4438 persuasum
2840 4349 2959 4426 sit,
3016 4351 3255 4413 bonum
3298 4356 3553 4435 poetam
3599 4347 3676 4411 in
3713 4346 3801 4413 iis

332 4474 805 4540 ·expressurum
847 4453 1056 4519 fuisse
1097 4452 1451 4539 imaginem
1495 4453 2207 4521 Lacedaemoniorum?
2308 4450 2709 4517 Suevernius
2764 4450 3029 4536 quidem
3096 4469 3236 4513 eam
3295 4450 3380 4513 ob
3434 4467 3689 4513 causam
3732 4447 3804 4511 id

343 4561 529 4642 putat
582 4559 815 4639 poetae
885 4554 1190 4636 licuisse,
1259 4553 1566 4640 quoniam
1624 4562 1759 4619 tum
1817 4553 2134 4640 temporis
2163 4549 2581 4617 'auctoritate
2639 4554 2707 4615 et
2778 4551 3015 4635 opibus
3069 4548 3385 4636 Spartani
3449 4545 3801 4632 plurimum

342 4657 679 4723 valuerint
741 4656 815 4718 in
875 4655 1162 4721 Graecia
1218 4652 1457 4735 (Suev.
1503 4677 1565 4740 p.
1616 4655 1749 4730 18).
1867 4657 2093 4732 Quid?
2164 4655 2340 4740 quod
2408 4658 2658 4716 tantum
2732 4651 2949 4732 abest,
3022 4656 3094 4715 ut
3148 4646 3657 4712 Lacedaemonii
3725 4666 3805 4711 eo

342 4759 637 4844 potuisse
680 4756 920 4821 adduci
965 4757 1238 4841 putandi
1283 4757 1453 4838 sint,
1503 4761 1580 4820 ut
1621 4778 1763 4821 cum
1807 4755 2328 4821 Atheniensibus
2375 4753 2613 4818 foedus
2653 4748 2906 4815 inirent
2930 4754 3078 4814 tam
3135 4746 3679 4834 ignominiosum,
3737 4753 3810 4811 ut

344 4859 656 4926 maluisse
699 4878 814 4924 eos
855 4858 1172 4934 interire,
1216 4877 1407 4942 quam
1450 4855 1751 4922 hostibus
1794 4855 2187 4943 capitalibus
2230 4854 2592 4919 concedere
2634 4871 2950 4916 summum
3008 4846 3360 4933 imperium
3403 4846 3609 4912 multo
3650 4865 3808 4932 pro-

347 4959 636 5024 babilius
679 4959 812 5044 sit?
876 4956 1281 5042 Quamquam
1312 4956 1736 5038 Suevernius,
1783 4955 1843 5020 si
1878 4954 2303 5042 expeditione
2330 4953 2559 5020 Sicula
2585 4950 2668 5014 ad
2697 4950 2960 5017 felicem
2989 4945 3238 5012 exitum
3270 4947 3587 5031 perducta
3628 4944 3809 5011 Alci-

346 5059 577 5124 biades
598 5057 1124 5142 Peloponnesum
1150 5056 1408 5143 ingenti
1437 5055 1647 5124 classe
1672 5056 2020 5139 cinxisset,
2049 5052 2611 5126 verisimillimum
2639 5068 2789 5116 esse
2813 5048 3049 5130 credit,
3076 5046 3634 5116 Lacedaemonios
3664 5065 3797 5111 ma·-
