4225 5834
1951 339 2718 430 *13—

600 544 807 612 luisse
872 544 1119 632 pacisci
1175 566 1319 611 cum
1379 545 1718 629 hostibus,
1791 567 1983 632 quam
2040 550 2128 614 ad
2189 551 2715 617 internecionem
2771 574 2975 640 nsque
3030 555 3385 639 dimicare,
3457 577 3537 621 ea
3587 557 3854 644 quidem
3920 579 4042 624 con

566 645 896 723 ditione,
938 653 1010 711 ut
1050 647 1572 713 Atheniensibus
1615 649 2055 713 concederent
2094 650 2537 736 principatum
2558 700 2578 735 ,
2632 653 3044 719 Alcibiadem
3089 656 3341 742 ipsum,
3387 663 3457 721 ut
3503 677 3819 724 summum
3861 658 4002 745 imp

599 748 773 814 rium
828 747 1112 814 Athenis
1170 756 1241 814 et
1288 749 1623 835 acciperet
1681 757 1748 815 et
1792 749 2140 836 'acceptum
2199 755 2557 834 retineret,
2617 754 3011 836 adjuvarent
3050 756 3285 835 (Suev.
3330 778 3395 842 p.
3440 759 3582 837 89).
3636 796 3716 809 -
3772 759 4056 823 Accedit

596 849 775 934 quod
818 869 903 913 ne
944 850 1210 932 singula
1246 849 1534 936 quidem,
1578 869 1748 934 quae
1791 852 1992 915 affert
2027 850 2140 916 vir
2185 853 2415 917 doctus
2460 854 2543 917 ad
2588 854 2980 921 sententiam
3024 876 3205 922 suam
3247 847 3676 942 probandam,
3722 857 4009 944 quidque

597 947 840 1013 valent.
924 948 1176 1016 Tribus
1219 950 1396 1013 enim
1438 949 1586 1013 illis
1630 950 1903 1015 deorum
1946 950 2189 1035 legatis
2231 952 2632 1038 significari,
2678 954 3002 1038 Hercule,
3047 956 3291 1044 quippe
3333 956 3802 1043 Spartanorum
3847 977 4007 1044 regu

600 1056 869 1115 auctore
938 1057 1008 1115 et
1070 1069 1196 1114 avo
1276 1054 1344 1113 et
1398 1049 1825 1116 Doriensium
1883 1051 2126 1134 heroe,
2211 1052 2599 1136 viribusque
2668 1055 2968 1140 corporis
3040 1055 3367 1141 pollente,
3459 1056 3815 1142 Spartanos
3871 1063 3938 1121 et
3991 1056 4050 1120 si

600 1150 740 1213 mul
797 1149 1123 1230 Boeotos,
1175 1150 1522 1235 Neptuno,
1582 1149 1826 1237 quippe
1877 1155 2082 1217 maris
2126 1153 2399 1217 domino
2442 1153 2877 1238 ludorumque
2926 1155 3392 1222 Isthmicorum
3438 1156 3776 1242 praeside,
3837 1154 4046 1221 Corin

598 1239 818 1332 ffiios,
861 1250 1177 1316 Triballo
1209 1250 1491 1336 denique
1538 1256 1797 1335 gentem
1828 1251 2157 1338 quandam
2194 1253 2542 1317 barbaram
2573 1253 3032 1319 Triballorum
3052 1303 3073 1338 ,
3118 1254 3414 1341 Odrysis
3453 1255 3755 1339 affinem,
3799 1276 4009 1341 quoru

602 1371 825 1437 regem
869 1350 1218 1433 Sitalcem,
1268 1349 1773 1416 Atheniensium
1817 1351 2092 1431 socium,
2139 1372 2334 1435 quum
2378 1351 2642 1437 proelio
2683 1356 3041 1438 vicissent,
3073 1377 3211 1421 non
3253 1355 3517 1439 quidem
3537 1357 3873 1439 ‘quoniam
3918 1355 4045 1420 ami

601 1451 760 1526 citia
800 1457 998 1536 atque
1041 1451 1356 1519 societate
1400 1471 1543 1515 cum
1584 1451 2134 1520 Lacedaemoniis
2175 1453 2508 1534 conjuncti
2553 1457 2776 1536 erant,
2823 1455 2941 1518 sed
2983 1462 3055 1519 ut
3096 1454 3535 1520 Athenienses
3568 1455 3871 1520 damnum
3916 1454 4037 1519 ind

598 1555 1010 1640 acciperent,
1049 1551 1202 1616 fieri
1245 1551 1591 1638 potuisse,
1620 1558 1695 1616 ut
1737 1558 2040 1637 tanquam
2084 1552 2264 1616 socii
2300 1552 2971 1618 Lacedaemoniorum
3017 1554 3091 1618 in
3142 1555 3369 1618 fabula
3414 1559 3642 1619 nostra
3685 1575 4040 1640 repraesen

602 1659 902 1719 tarentar
940 1651 1174 1731 (Suev.
1217 1673 1282 1738 p.
1323 1656 1409 1718 90
1447 1652 1596 1737 sq.).
1694 1652 1785 1716 At
1839 1651 1990 1737 quis
2043 1671 2181 1714 non
2236 1650 2518 1716 miretur
2554 1652 2909 1718 Herculem
2967 1655 3236 1720 missum
3280 1671 3332 1717 a·
3360 1654 3910 1719 Lacedaemoniis
3956 1655 4070 1719 ad

601 1754 863 1818 modum
906 1754 1118 1818 cautis
1158 1758 1227 1816 et
1264 1750 1609 1837 providis,
1652 1771 1927 1836 quorum
1968 1750 2341 1816 rationibus
2381 1752 2793 1838 prospiciat?
2841 1775 3033 1838 quem
3076 1760 3303 1841 utpote
3346 1759 3607 1839 semper
3647 1754 4070 1837 esurientem,

600 1859 762 1918 tunc
799 1872 964 1918 vero
1005 1853 1181 1916 fame
1223 1852 1367 1916 fere
1409 1856 1783 1933 enecatum,
1826 1871 1962 1916 non
2003 1849 2285 1916 difficile
2327 1857 2470 1915 erat
2514 1851 2910 1937 praevidere
2927 1881 2972 1936 ,·
3002 1855 3220 1941 epulis
3262 1855 3466 1918 lautis
3508 1853 3706 1919 facile
3761 1875 3840 1920 eo
3880 1874 4037 1941 poss

604 1951 877 2035 adduci,
919 1958 994 2015 ut
1030 1952 1301 2018 deorum
1344 1973 1452 2017 res
1494 1951 1907 2020 destitueret.
1975 1951 2229 2017 Verum
2263 1950 2638 2034 Corinthii,
2681 1952 2987 2019 homines
3031 1953 3263 2018 molles
3308 1958 3377 2015 et
3418 1953 3816 2036 effeminati,
3859 1954 4008 2018 viru

602 2056 875 2120 mittunt
926 2073 1225 2120 severum
1282 2057 1479 2136 atque
1534 2071 1803 2138 gravem
1861 2058 1931 2116 et
1984 2052 2102 2135 qui
2161 2049 2588 2115 vehementer
2640 2054 2893 2136 obstat,
2952 2075 3037 2119 ne
3082 2053 3600 2118 Atheniensibus
3654 2053 4069 2139 principatus

584 2156 1017 2222 concedatur.
1101 2154 1452 2230 Quomodo
1492 2153 1660 2220 haec
1700 2174 1833 2218 non
1892 2157 2191 2239 pugnant
2239 2152 2418 2217 inter
2458 2161 2574 2219 se?
2617 2153 2622 2160 '
2673 2152 2858 2229 Quid
2902 2152 3187 2238 denique
3230 2153 3564 2233 Triballi,
3625 2152 3741 2236 qui
3784 2173 3866 2217 ne
3908 2151 4070 2218 soci·

604 2256 865 2343 quidem
923 2257 1078 2318 sunt
1122 2252 1644 2340 Spartanorum?
1753 2255 2002 2341 Aperte
2061 2253 2413 2330 Hercules,
2483 2274 2716 2340 quum,
2788 2256 3098 2340 quoniam
3143 2260 3270 2319 est·
3299 2253 3506 2319 Jovis
3563 2253 3786 2337 filius,
3852 2252 4075 2337 etqui

550 2417 567 2444 ⁸
604 2361 881 2442 propter
918 2355 1223 2439 ingentes
1265 2354 1569 2439 corporis
1610 2353 1793 2421 vires
1832 2355 2075 2420 fortius
2121 2376 2317 2440 agere
2357 2355 2571 2441 possit
2612 2357 2773 2436 (cfr.
2813 2373 2911 2421 vs.
2950 2359 3112 2422 1574
3153 2375 3292 2438 sq.;
3335 2375 3435 2431 vs.
3474 2356 3635 2421 1578
3647 2355 3694 2435 ),
3738 2359 3875 2416 tum
3918 2352 4079 2434 quia

605 2456 811 2524 multa
864 2454 1282 2541 praebebat,·
1311 2475 1480 2540 quae
1539 2456 1748 2521 risum
1805 2476 2073 2521 movere
2113 2463 2415 2541 possent,
2470 2465 2752 2542 apteque
2810 2454 3210 2542 quadrarent
3267 2456 3353 2518 ad
3412 2459 3648 2538 poetae
3690 2443 4082 2528 consilium}

605 2558 991 2643 Neptunus,
1045 2553 1240 2618 Jovis
1298 2554 1540 2637 frater,
1599 2554 1713 2621 vir
1763 2555 2232 2641 gravissimus,
2291 2562 2363 2619 ut
2418 2561 2630 2633 esset,
2690 2553 2805 2638 qui
2848 2553 3196 2619 resisteret
3234 2554 3495 2619 nimiae
3536 2551 3855 2617 Herculis
3897 2551 4083 2616 obse-

604 2656 951 2744 quentiae3
1003 2652 1350 2720 Triballus
1393 2654 1685 2740 denique
1727 2655 1868 2738 joci
1919 2673 2110 2720 causa
2156 2655 2394 2720 delecti
2439 2664 2592 2721 sunt
2632 2673 2672 2718 a
2713 2661 2928 2739 poeta.
2972 2692 3053 2706 -
3097 2652 3261 2716 Cum
3308 2653 3414 2718 his
3470 2654 3681 2737 igitur
3721 2649 4080 2736 paciscitur

607 2757 1099 2829 Pisthetaerus,
1156 2761 1228 2818 ut
1271 2753 1503 2819 avibus
1554 2754 1901 2842 imperium
1947 2757 2192 2820 avitum
2238 2755 2548 2820 reddatur
2600 2773 2639 2817 a
2693 2755 2907 2836 Jove,
2964 2752 3096 2839 ipsi
3154 2774 3314 2818 vero
3357 2755 3587 2838 regina
3628 2751 3701 2814 in
3744 2748 4079 2814 matrimo-

602 2858 791 2922 nium
835 2857 1062 2931 detur,
1107 2853 1172 2916 h.
1216 2873 1271 2918 e.
1318 2873 1404 2919 ex
1442 2852 1802 2919 Suevernii
1846 2857 2212 2934 sententia,
2258 2854 2597 2920 Alcibides
2640 2862 2979 2918 externam
3024 2852 3290 2937 quidem
3345 2850 3577 2921 summi
3621 2850 3886 2934 imperii
3932 2870 4081 2934 spe-

592 2959 773 3026 'ciem
814 2954 1332 3022 Atheniensibus
1374 2955 1739 3038 condonat,
1782 2976 2020 3022 revera
2062 2963 2307 3039 autem,
2351 2952 2898 3020 Lacedaemoniis
2940 2951 3445 3035 adjuvantibus,
3490 2971 3563 3016 se
3605 2952 3818 3036 ipsum
3863 2947 4081 3014 reddit

610 3059 1011 3125 Athenarum
1053 3056 1387 3142 totiusque
1430 3056 1751 3121 Graeciae
1794 3056 2130 3148 dominum
2176 3062 2244 3119 et
2281 3065 2664 3143 tyrannum.
2735 3054 2968 3138 Itaque
3010 3051 3520 3137 Aristophanem
3566 3049 3864 3114 voluisse
3905 3068 4079 3113 mm-

607 3156 1017 3224 monefacere
1060 3155 1536 3235 Athenienses,
1593 3163 1668 3221 ut
1718 3161 2030 3221 caverent
2072 3154 2444 3221 Alcibiadis
2501 3147 2785 3220 cbnsilia
2840 3152 3400 3238 cupiditatemque
3462 3149 3844 3235 tyrannidis
3887 3169 4079 3213 occu-

608 3258 884 3345 pandae.
929 3289 1009 3304 -·-
1063 3252 1263 3319 Nihil
1305 3254 1392 3316 ad
1433 3253 1880 3321 Alcibiadem!
1967 3254 2202 3332 Quid?
2256 3263 2529 3341 putasne
2584 3253 2961 3320 verisimile
3001 3272 3182 3333 esse,
3244 3252 3692 3332 Alcibiadem,
3751 3270 3880 3335 quo
3925 3255 4081 3311 tem-

482 3349 491 3358 ’
609 3377 770 3445 pore
811 3353 1010 3420 classi
1053 3361 1201 3419 erat
1236 3354 1643 3438 praefectus,
1701 3363 1897 3442 atque
1943 3357 2024 3420 ad
2068 3358 2369 3423 Siciliam
2414 3356 2955 3443 expugnandam,
3013 3355 3086 3419 id
3143 3354 3320 3438 quod
3377 3358 3724 3439 tantopere
3764 3349 4077 3435 concupi-

606 3465 830 3540 verat,
873 3475 1016 3521 cum
1061 3453 1272 3519 classe
1311 3454 1780 3538 navigaverat,
1819 3465 2132 3522 evertere
2176 3456 2465 3524 voluisse
2508 3456 2975 3521 democratiam
3022 3453 3348 3520 Atticam?
3447 3453 3659 3516 Immo
3707 3451 3850 3536 ipsa
3896 3448 4077 3514 Alci-

611 3556 828 3622 biadis
876 3556 1089 3623 verba
1140 3551 1660 3628 huicvidentnr
1714 3575 2110 3642 repugnare,
2168 3556 2364 3621 Thuc
2401 3560 2478 3636 6,
2521 3558 2637 3622 89:
2715 3554 2825 3623 καὶ
2877 3555 2957 3625 τὸ
3008 3550 3403 3651 μεθιστάναι
3454 3548 3664 3644 αὖα-ὴν
3714 3556 3835 3637 (sc.
3887 3551 4079 3644 δημο-

610 3658 917 3752 κρατίαν)
970 3650 1094 3724 οὒκ
1145 3652 1349 3723 ἐδόκει
1399 3652 1556 3748 ἣμῖν
1606 3655 1916 3743 ἀσφαλὲς
1963 3650 2127 3723 εἶναι
2178 3652 2359 3750 ὖμῶν
2403 3656 2745 3751 πολεμίων
2795 3653 3372 3748 προςκαθημένων.
3484 3651 3717 3736 Neque
3772 3651 3937 3715 satis
3997 3647 4079 3709 li-

608 3763 803 3845 quet,
844 3755 1023 3841 qued
1078 3754 1255 3830 dicit¹
1288 3753 1692 3819 Suevernius
1745 3755 1849 3839 (p.
1892 3755 2227 3835 87-89),
2288 3773 2432 3820 eum
2504 3754 2630 3818 hoc
2684 3752 2954 3818 efficere
3009 3750 3306 3815 voluisse
3363 3751 3832 3833 adjuvantibus
3872 3749 4079 3813 Lace-

608 3854 997 3921 daemoniis.
1077 3854 1248 3920 Nam
1292 3853 1553 3919 etiamsi
1611 3853 1787 3940 apud
1828 3853 2182 3939 populares
2224 3852 2353 3917 fuit
2407 3853 2479 3916 in
2536 3854 2917 3939 suspicione
2973 3850 3358 3937 tyrannidis
3413 3852 3792 3929 affectatae,
3874 3846 4078 3912 nullis

608 3964 827 4023 tamen
866 3953 1106 4018 nititur
1144 3952 1358 4020 firmis
1401 3955 1838 4039 argumentis,
1884 3954 2063 4039 quod
2105 3951 2450 4018 contendit
2491 3952 2602 4018 vir
2641 3954 2909 4030 doctus,
2951 3972 3092 4018 eam
3136 3969 3455 4035 occupare
3496 3950 3568 4012 in
3609 3948 3826 4013 animo
3874 3945 4079 4013 fuisse

590 4054 949 4124 'Alcibiadi
997 4053 1462 4137 adjuvantibus
1505 4054 1848 4121 nonnullis
1890 4054 2026 4118 sibi
2069 4055 2306 4118 amicis
2344 4053 2712 4139 Spartanis,
2756 4052 2873 4137 qui
2924 4055 3579 4142 repraesentarentur
3607 4068 3650 4111 a
3680 4045 4080 4112 Prometheo

608 4156 848 4240 (Suev.
893 4176 957 4240 p.
1001 4155 1085 4220 85
1125 4154 1274 4238 sq.).
1360 4154 1443 4218 ld
1487 4154 1661 4222 enim
1706 4153 2097 4221 convincere
2141 4172 2274 4218 non
2316 4151 2565 4237 potuit,
2620 4152 2828 4218 fuisse
2866 4154 3048 4216 inter
3088 4151 3486 4235 Spartanos,
3543 4150 3661 4232 qui
3704 4148 3788 4212 ab
3825 4146 4079 4212 Alcibi-

610 4258 759 4326 adis
802 4256 1100 4344 partibus
1142 4256 1482 4333 steterint,
1527 4279 1670 4321 cum
1713 4278 1919 4344 eoque
1959 4253 2243 4321 consilia
2275 4252 2936 4334 communicaverint,
2979 4250 3152 4336 ipsis
3191 4248 3537 4335 Spartanis
3578 4247 3977 4334 perniciosa.
4002 4285 4077 4299 -

611 4357 876 4424 Deinde
916 4374 1053 4418 non
1096 4374 1448 4439 assequor,
1518 4358 1844 4441 quomodo
1903 4355 2068 4421 haec
2129 4354 2309 4419 inter
2364 4375 2438 4420 se
2492 4352 2879 4432 concinant,
2953 4350 3370 4416 Alcibiadem
3427 4368 3506 4412 eo
3556 4347 3951 4428 tetendisse,
4007 4351 4077 4410 ut

588 4458 1083 4542 Peloponneso
1137 4460 1279 4518 tota
1335 4455 1591 4542 ingenti
1645 4458 1911 4520 navium
1973 4455 2398 4521 multitudine
2449 4456 2666 4521 cincta
2723 4462 2789 4519 et
2828 4452 3193 4519 interclusa
3234 4450 3908 4515 Lacedaemoniorum
3962 4469 4077 4534 po-

586 4556 824 4623 ·tentia
862 4555 1172 4637 infracta,
1217 4554 1685 4641 rempublicam
1719 4554 2232 4640 Atheniensium=
2263 4562 2532 4642 augeret
2562 4565 2631 4622 et
2659 4557 3115 4644 amplificaret,
3159 4562 3351 4640 atque
3394 4554 3794 4636 eorumdem,
3838 4551 4077 4636 quippe

516 4687 521 4694 ·
614 4655 1134 4735 debilitatorum,
1178 4654 1442 4719 auxilio
1482 4674 1784 4740 sperasse
1822 4654 1991 4738 fore,
2033 4662 2111 4720 ut
2154 4657 2619 4722 democratiam
2664 4656 2947 4721 Atticam
2989 4658 3215 4741 posset
3252 4659 3585 4730 evertere,
3630 4651 4077 4741 tyrannidem-

612 4777 740 4843 que
783 4773 1124 4842 occupare.
1221 4754 1425 4820 Certe
1476 4755 1745 4839 quidem
1788 4754 2231 4823 Athenienses
2287 4775 2422 4821 non
2476 4775 2594 4821 sua
2649 4761 2886 4841 sponte
2940 4761 3008 4821 et
3047 4752 3390 4818 voluntate
3440 4752 3525 4816 ad
3570 4752 3766 4817 talem
3808 4751 4077 4816 descen-

611 4857 871 4924 dissent
910 4855 1393 4938 conditionem,
1449 4854 1840 4940 praesertim
1896 4862 1997 4921 tot
2051 4862 2121 4920 et
2161 4856 2365 4922 tantis
2419 4858 2593 4921 aucti
2649 4856 2925 4940 opibus,
2983 4854 3081 4919 ita
3137 4859 3212 4917 ut
3263 4873 3506 4918 novum
3562 4851 3722 4916 inde
3775 4857 4075 4916 exortum

612 4964 790 5026 esset
829 4955 1068 5021 bellum
1086 5004 1108 5039 ,
1162 4955 1237 5022 in
1276 4976 1409 5044 quo
1449 4958 1658 5023 multo
1697 4956 2114 5044 probabilius
2155 4977 2304 5024 esse
2344 4958 2492 5044 ipse
2532 4955 2917 5023 Alcibiades
2959 4953 3357 5040 praevidere
3411 4952 3729 5031 debebat,
3791 4951 4075 5016 victores

612 5077 783 5132 esse,
810 5074 1124 5123 evasuros
1178 5055 1620 5141 Athenienses
1673 5077 1921 5145 suaque
1972 5056 2186 5144 ipsius
2240 5055 2526 5123 consilia
2580 5075 2658 5122 ac
2708 5073 2861 5143 spes
2916 5055 3002 5118 ad
3058 5053 3324 5120 irritum
3381 5051 3717 5117 redactum
3770 5049 3879 5115 iri.
3987 5050 4077 5114 Et
